4800 6194
1188 605 1238 673 50

379 797 593 896 flectuntur,
621 817 659 876 et
683 795 750 877 tali
770 795 887 874 modo
910 817 998 874 rasa
1024 817 1069 872 er
1095 793 1200 871 omni
1221 812 1330 900 parte
1373 795 1481 896 quasi
1519 793 1558 868 in
1593 813 1774 900 punctum
1799 797 1965 874 medium
1994 761 2076 876 terss
2119 901 2123 912 ¹

378 972 474 1059 gunt
514 970 553 1030 et
575 953 746 1030 redeunt.
797 951 965 1034 Vulnere
1001 972 1113 1030 vero*
1128 949 1277 1046 oleoso,
1308 975 1397 1028 mox
1421 975 1597 1028 rasorum
1632 950 1791 1054 aliquot,
1817 977 1924 1054 quoe*
1941 977 1985 1028 er
2009 977 2077 1056 op·

377 1109 507 1220 posito
533 1107 608 1188 sibi
633 1126 837 1186 oooununt
862 1109 992 1204 latere,
1016 1106 1169 1183 ramulis
1196 1106 1295 1184 inter
1312 1131 1354 1182 se
1386 1106 1676 1210 conjunguntur,
1699 1123 1737 1182 et
1762 1106 1857 1183 alins
1882 1108 2075 1208 sanguinis

377 1263 420 1338 in
456 1265 554 1339 rasis
594 1262 873 1341 distributionis
914 1261 1049 1340 modus
1075 1262 1277 1358 inducitur,
1303 1263 1369 1356 ita,
1393 1279 1435 1338 ut
1459 1262 1612 1363 sanguis
1639 1262 1688 1337 ad
1712 1280 1896 1379 punctum
1910 1262 2075 1338 medium

302 1413 312 1422 ’
376 1441 457 1494 non
483 1417 641 1520 amplius
669 1443 825 1518 vergere
842 1417 1024 1492 videatur.

240 1643 246 1652 ’
291 1659 374 1728 137,
452 1603 457 1618 ¹
543 1607 757 1702 emanans
781 1621 863 1698 fere
887 1639 1090 1724 transacta,
1126 1622 1239 1698 etiam
1264 1643 1449 1714 rasorum,
1489 1645 1588 1720 quae
1622 1619 1726 1722 large
1759 1646 1783 1696 a
1817 1639 1925 1724 tergo
1963 1643 2070 1698 erant

378 1780 526 1874 emissa,
551 1803 640 1884 pars
663 1781 802 1854 iterum
841 1793 1052 1870 eraeuatur,
1080 1793 1327 1870 ettenorum,
1352 1777 1419 1852 tali
1443 1775 1558 1853 modo
1583 1747 1854 1870 formatorum,
1883 1778 2070 1852 imminui·

376 1950 560 2010 torrete.
610 1931 799 2036 Lymphae
834 1955 924 2006 rero
960 1931 1170 2006 seeerndae
1218 1955 1422 2035 processus
1472 1956 1542 2036 per
1573 1931 1729 2032 longum
1765 1885 1930 2035 tempus,
1958 1933 2092 2007 etiam·

376 2086 531 2164 vulnere
548 2088 690 2182 clauso,
715 2084 887 2190 protrahi
903 2085 1061 2162 ridetur.
1086 2089 1182 2160 Tum
1196 2085 1350 2190 lympha
1370 2086 1411 2160 in
1425 2086 1718 2189 parenebymate
1744 2084 2072 2190 ipsoassumulari

375 2241 535 2338 ridetur,
562 2240 668 2344 quod
693 2239 870 2316 albedine
888 2255 927 2316 et
949 2240 1206 2344 spissitudine,
1230 2258 1273 2317 ut
1307 2241 1493 2344 reliquam
1516 2239 1753 2352 superficiem
1776 2240 1890 2344 louge
1906 2258 2077 2345 superet,

375 2353 415 2474 et
440 2396 610 2474 crassitie
637 2365 831 2500 opacetur,
857 2395 1006 2497 insigne
1033 2412 1101 2472 est.

428 2707 505 2796 De
543 2700 855 2831 diffirenliis
882 2701 1144 2795 nonnullis
1179 2703 1313 2795 inter
1353 2699 1838 2824 agglutinntionem,
1889 2727 2014 2824 grn-

797 2869 1111 2966 nnlntionem
1140 2880 1189 2966 et
1213 2873 1642 2990 suppetentionem.

272 3088 371 3159 ¹138·
538 3090 611 3166 l’ro
639 3091 852 3194 appendice
877 3095 926 3168 de
951 3095 1110 3172 statibus
1135 3097 1340 3190 nonnullis,
1366 3099 1689 3201 qui-saepeinter
1712 3121 1754 3172 se
1772 3096 2067 3192 confunduntur,

374 3240 492 3319 verba
516 3241 664 3338 luciam,
689 3261 733 3320 ut
756 3271 834 3342 eos,
862 3265 1043 3350 quantum
1065 3275 1135 3353 pro
1163 3251 1428 3354 experimentis
1452 3252 1547 3330 meis
1569 3251 1726 3346 taleam,
1753 3255 1943 3332 illustrem.

290 3449 372 3530 159·
539 3447 584 3520 lo
609 3446 761 3522 uulnere
786 3447 933 3545 leviori,
956 3449 1062 3553 quod
1094 3453 1197 3528 sanis
1230 3452 1369 3554 gaudet
1402 3451 1634 3556 marginibus
1668 3455 1740 3556 (uti
1777 3458 1818 3530 in
1856 3458 2073 3534 vulneribus

375 3597 505 3674 incisis
529 3597 611 3674 lieri
635 3598 753 3704 solet)
779 3603 929 3679 sanatio
955 3602 1032 3680 cito
1058 3607 1191 3716 intrat,
1226 3625 1265 3682 et
1302 3607 1456 3710 lympha
1494 3609 1666 3712 plastica,
1691 3607 1835 3712 ubique
1876 3613 2072 3708 exsudans,

376 3755 577 3854 margines,
610 3757 675 3856 qui
710 3756 813 3832 baud
851 3760 988 3860 proeul
1013 3761 1113 3834 inter
1147 3785 1189 3856 se
1214 3759 1375 3854 distant,
1412 3760 1526 3838 facile
1566 3780 1605 3838 et
1636 3763 1714 3837 cito
1736 3763 1872 3865 explet.
1905 3767 2073 3842 Vulnera

376 3905 473 3983 haee
510 3930 580 4010 per
614 3906 949 4008 agglutinationem
979 3912 1106 3990 sanari
1132 3903 1318 3990 dicuntur.

293 4087 374 4216 Ψ·
537 4105 583 4183 si
607 4132 695 4185 tero
719 4107 883 4186 vulneris
908 4115 1097 4216 margines
1122 4115 1172 4192 ob
1202 4116 1384 4220 mojorem
1416 4115 1650 4194 substantioe
1677 4119 1873 4222 jactarem,
1914 4149 1982 4198 seu
2024 4150 2067 4198 ex

380 4261 454 4338 alie
478 4244 717 4366 quecunque
735 4289 851 4343 cause
885 4267 1045 4372 amplius
1079 4269 1178 4344 inter
1208 4293 1250 4347 se
1293 4271 1419 4365 hiant,
1456 4297 1479 4346 a
1509 4269 1662 4375 lympha
1695 4292 1846 4351 secreto
1871 4294 1947 4352 tarn
1991 4281 2069 4355 cito
2126 4351 2136 4370 ,

382 4415 523 4519 expleri
539 4443 628 4494 non
657 4435 846 4522 possunt,
876 4420 946 4496 sed
972 4421 1144 4526 lympha,
1171 4425 1327 4526 singulis
1347 4426 1521 4528 apposita
1537 4419 1675 4522 stratis,
1703 4455 1802 4532 quae
1830 4433 2070 4530 granstlosam

382 4567 561 4645 exhibent
591 4569 838 4675 superficiem,
875 4573 978 4649 lente
1016 4575 1249 4654 substantiae
1288 4595 1472 4682 exaequat
1496 4579 1691 4680 jacturam.
1751 4586 1910 4690 Propter
1939 4613 2070 4702 super·
2110 4647 2116 4658 .

374 4719 505 4797 ¹liniens
531 4720 719 4828 lymphae,
744 4729 885 4803 sensim
912 4729 1125 4834 depositae,
1156 4733 1395 4836 granulosam
1422 4731 1497 4810 tela
1526 4735 1658 4812 vulnus
1685 4763 1755 4840 per
1770 4737 2069 4839 granulationem

382 4874 509 4951 senari
534 4875 684 4954 dieitur.
