4800 6194
1230 616 1286 682 2.

385 805 712 908 metamorphoses
747 805 904 912 exiguae
935 821 1045 902 sunt,
1080 820 1123 878 ut
1147 802 1301 878 oculum
1324 801 1408 878 sere
1432 803 1603 905 fugiant,
1636 807 1706 884 sed
1739 833 1787 884 eo
1820 813 1973 914 majoris
1999 840 2087 898 sunt

385 960 426 1032 iu
451 959 586 1034 stadiis
609 961 771 1062 reliquis
814 961 1032 1062 dignitatis,
1058 959 1099 1034 in
1129 958 1266 1060 quibus
1290 983 1469 1046 ¹rasorum
1491 957 1645 1054 turbae,
1670 960 1712 1035 in
1738 964 1864 1044 stadio
1902 967 2084 1052 laesionis
2121 953 2125 962 ¹

385 1114 574 1216 insignes,
602 1117 727 1216 exigui
750 1133 840 1223 suut
863 1115 1059 1193 momenti.
2114 1075 2121 1080 -

318 1307 350 1370 ⁵.
511 1298 729 1373 .Vasorum
753 1296 943 1373 laesorum
966 1296 1243 1372 haemorrhoea
1263 1296 1466 1393 excitatur,
1502 1297 1554 1376 ed
1582 1324 1696 1402 quam
1729 1302 1957 1403 placandam
1991 1312 2089 1384 mira

383 1466 519 1525 natura
556 1469 708 1527 exercet
728 1455 945 1531 conamina.

554 1632 697 1734 (Quum
735 1633 777 1748 in
810 1571 1026 1714 vulneribus
1071 1633 1224 1736 punctis
1262 1648 1301 1706 et
1339 1633 1497 1728 incisis,
1538 1659 1636 1736 quae
1660 1635 1895 1738 marginibus
1920 1641 2085 1742 gaudent

315 1869 323 1878 ,
386 1786 700 1890 circumscriptis,
725 1787 809 1863 fere
833 1789 937 1864 nullu
961 1805 1180 1896 spectentur
1213 1787 1253 1861 iu
1277 1788 1572 1892 pareuehymute
1595 1791 1872 1896 phaenomena,
1914 1795 1964 1870 ad
1996 1822 2086 1873 rara

384 1937 468 2014 solu
491 1911 683 2044 respexi.)
1333 1924 1347 1946 ¹

867 2257 1196 2351 arara
1252 2265 1603 2370 puncta.

320 2452 357 2530 6.
551 2451 653 2526 Vasa
679 2475 751 2528 sou
774 2468 940 2551 puncto,
966 2455 1120 2554 sanguis
1147 2480 1191 2529 ex
1217 2453 1321 2530 omni
1344 2472 1455 2558 parte
1481 2466 1610 2530 versus
1636 2439 1770 2536 vulnus
1796 2451 1982 2546 eonlluit,
2015 2477 2086 2556 per

385 2599 491 2706 quod
515 2601 730 2706 depellitur.
782 2605 895 2680 Unda
926 2605 1076 2684 inverse
1127 2609 1293 2712 denique
1332 2607 1510 2706 reducta,
1549 2605 1822 2701 haemorrhoea
1845 2609 2010 2704 sistitur3
2035 2650 2086 2668 -

281 2857 286 2864 ,
382 2759 454 2834 aed
479 2759 644 2858 thrombi
666 2777 824 2840 restant.
1913 2725 1914 2728 i

319 2955 352 3014 t.
547 2945 647 3020 Vuae
672 2945 881 3022 meseraieo
895 2971 1013 3022 ranae
1027 2973 1164 3048 magno
1191 2971 1262 3050 acu
1281 2963 1438 3049 puncto,
1463 2943 1600 3020 mirum
1623 2943 1762 3039 undae,
1788 2939 1955 3021 exomni
1977 2959 2086 3046 parte

384 3099 434 3172 ad
460 3095 627 3175 vulneris
651 3100 791 3174 ostium
815 3097 890 3174 eibi
916 3118 1172 3193 occurrentes,
1197 3111 1334 3202 parant
1356 3099 1627 3202 spectaculum.
1654 3141 1705 3162 ·-
1731 3103 1920 3176 Venarum
1946 3096 2082 3189 trunci,

388 3256 454 3356 qui
481 3253 590 3330 cordi
614 3271 673 3329 est
705 3255 887 3358 propior,
922 3255 1061 3332 llumen
1087 3255 1310 3346 invertitur,
1344 3251 1470 3328 undae
1496 3280 1587 3329 vero
1612 3253 1833 3328 arteriamm
1857 3252 1993 3343 trunci,
2020 3250 2087 3350 qui

387 3409 546 3487 inferior
566 3427 634 3503 est,
660 3435 927 3511 ramorumque
951 3427 1174 3486 cunctorum
1191 3425 1303 3484 aucto
1317 3409 1460 3511 impetu
1486 3409 1676 3497 derectae,
1705 3401 1754 3478 ad
1776 3401 1948 3478 vulneris
1961 3401 2088 3478 locum

383 3566 670 3669 compelluntur,
689 3583 727 3640 et
748 3591 790 3641 se
811 3566 914 3666 ipsus
941 3563 1028 3638 duta
1044 3581 1157 3668 porta
1181 3563 1446 3665 praecipitant,
1473 3562 1528 3638 ita
1549 3578 1593 3636 ut
1615 3558 1767 3659 sanguis
1786 3556 1905 3660 pleno
1929 3571 2087 3658 proruat

382 3721 548 3818 llumiue.
599 3719 854 3820 (Arteriarum
879 3714 1046 3796 rirucior
1071 3735 1130 3791 est
1154 3717 1444 3809 haemorrhoea,
1470 3741 1584 3818 quum
1610 3711 1820 3809 renerum).

313 3918 347 3982 8·
545 3901 786 3994 sedandae,
813 3924 912 4002 quae
938 3901 1088 3974 inversu
1113 3915 1182 3992 est,
1209 3897 1372 3998 impetus
1398 3921 1479 3972 non
1511 3893 1712 3998 perdurat,
1740 3907 1780 3966 et
1802 3916 1890 3965 mor
1908 3887 2083 3978 remittit,

384 4083 460 4158 quo
487 4056 538 4140 tr.
554 4073 596 4131 ut
620 4056 723 4130 unda
737 4055 867 4148 altera,
894 4053 1045 4157 aequali
1064 4021 1214 4155 semper
1229 4077 1270 4124 se
1284 4050 1515 4154 protrudere
1534 4050 1584 4144 ri,
1609 4047 1740 4154 potior
1758 4045 1893 4120 eradat
1919 4060 1958 4117 et
1983 4041 2089 4143 prio·

381 4239 464 4286 rem
504 4213 631 4297 modo,
667 4237 745 4311 quo
777 4211 951 4301 remittit,
984 4205 1168 4285 retrudat.
1220 4207 1306 4280 Hoe
1344 4203 1530 4278 undarum
1555 4220 1759 4294 certamen,
1801 4199 1975 4274 eximium
2012 4212 2083 4270 est.

384 4369 580 4442 Oscillatio
597 4365 785 4466 quaedam
802 4366 904 4437 inter
922 4361 1003 4434 illus
1023 4361 1155 4451 oritur,
1182 4357 1270 4434 dum
1284 4357 1387 4432 unda
1414 4359 1578 4434 infructu
1600 4359 1717 4435 modo
1732 4355 1938 4458 repellitur,
1965 4349 2083 4424 modo

262 4520 265 4528 ’
384 4525 517 4596 iterum
544 4523 657 4595 aliam
687 4517 895 4622 protrudit,
931 4514 1001 4594 sed
1021 4512 1176 4591 tandem
1200 4495 1408 4614 superatur,
1435 4529 1475 4586 et
1498 4509 1546 4586 ab
1574 4511 1677 4586 unda
1701 4513 1853 4614 potiore
1892 4510 1929 4581 in
1956 4503 2085 4606 pristi-
2146 4541 2154 4558 =

209 4703 217 4712 ·
383 4655 473 4751 tuin
498 4667 686 4778 abripitur
707 4674 901 4752 circulum.

312 4881 347 4950 ο.
547 4857 760 4931 certamine
788 4857 1017 4956 insurgente,
1047 4851 1157 4928 simul
1180 4849 1376 4948 sauguinis
1409 4846 1526 4922 lluxus
1554 4845 1755 4920 continuus
1784 4842 2085 4943 interrumpitur,
2134 4835 2137 4840 ’

295 5098 298 5106 ,
384 5031 422 5086 rt
447 5039 516 5114 pro
536 5010 789 5086 oscillationie
827 5008 1028 5084 momentis
1051 5005 1163 5109 pulsu
1194 5003 1356 5106 ejicitur.
1420 5005 1530 5081 Tunc
1565 5001 1701 5078 eodem
1735 4999 1864 5100 gratim
1890 5024 1968 5098 qno
1985 4995 2088 5070 undu
