4800 6194
1209 614 1233 694 6

358 861 472 946 pars,
501 857 599 938 qnae
625 829 725 904 inter
749 822 913 902 vulneris
953 821 1094 898 ostium
1125 837 1164 898 et
1187 845 1333 898 remum
1359 821 1675 910 anastomoticum
1699 823 1812 925 jacet,
1838 853 1862 900 a
1879 833 2064 934 sanguino

358 1007 559 1096 unguente
586 985 774 1091 impletur.
798 1021 852 1054 -η

284 1221 368 1306 260'
516 1225 628 1306 ‚Ostia
662 1250 844 1302 renerum
868 1219 1110 1296 membranae
1135 1219 1347 1295 natatoriae
1371 1245 1489 1293 ranae
1514 1235 1746 1294 resectarurn
1770 1219 1922 1297 modice
1961 1249 2053 1301 eon.

355 1388 573 1481 trahuntur,
600 1399 862 1458 anastomoses
895 1403 985 1453 vero
1009 1376 1188 1450 facillime
1216 1375 1418 1450 admittunt
1450 1391 1488 1448 et
1520 1376 1693 1475 sanguis,
1717 1365 1853 1452 novos
1875 1403 2063 1481 quomens

357 1541 548 1634 tramites,
575 1538 651 1613 levi
684 1561 802 1639 opera
834 1533 962 1608 fontes
997 1531 1188 1622 ascendit,
1215 1545 1254 1604 et
1279 1529 1533 1605 renaetrunci
1552 1532 1757 1631 superioris
1774 1533 1887 1628 unda,
1904 1533 1997 1611 lieet
2012 1539 2063 1611 sit

332 1695 515 1790 ⁴inversa,
540 1691 668 1768 fontes
695 1691 836 1806 potius,
862 1709 904 1765 ut
930 1716 953 1764 a
977 1689 1131 1766 vulnere
1158 1702 1349 1778 arceatur,
1376 1685 1568 1779 ascendit,
1600 1713 1713 1788 vam
1738 1689 1822 1790 ips'a
1845 1689 2059 1768 reducatur.
2129 1745 2134 1755 ·

357 1847 504 1942 (Serius
530 1871 619 1924 vero
643 1843 776 1918 reduci
802 1846 929 1942 solet).
947 1848 1056 1918 -In
1083 1843 1207 1920 trunci
1231 1861 1349 1945 parte,
1376 1869 1487 1943 quac,
1514 1845 1788 1920 haemorrhoea
1804 1845 1965 1947 placata,
1984 1849 2060 1922 eir·

1775 1967 1795 1998 x

357 2001 562 2078 culationis
587 2017 648 2074 est
672 2025 826 2102 expers,
853 2001 1006 2101 sanguis
1031 2018 1211 2100 stagnans
1235 2015 1373 2092 restat,
1402 2001 1468 2101 qui
1493 2001 1614 2074 serius
1640 2003 1784 2074 sensim
1810 2003 1944 2078 avolat.

283 2267 346 2328 27.
520 2222 940 2314 Arteriis‘membranae
958 2235 1169 2310 natatoriae
1186 2255 1303 2308 ranae
1328 2232 1450 2332 Qaud
1474 2235 1635 2338 exiguis)
1670 2241 1858 2333 resectis,
1888 2239 2063 2318 haemor-

354 2393 475 2471 rboea
500 2392 656 2484 minima
678 2407 735 2464 est
768 2406 807 2464 et
831 2405 1025 2464 momento
1051 2388 1161 2462 citius
1187 2391 1377 2488 placatur,
1405 2418 1519 2492 quum
1552 2394 1677 2467 trunci
1710 2394 1915 2494 superioris
1972 2395 2075 2472 unda

354 2573 426 2650 per
450 2573 595 2624 ramum
620 2524 943 2633 anastomoticum
969 2545 1114 2648 integre
1142 2544 1364 2638 deflectitur,
1391 2560 1547 2620 nuncus
1576 2571 1667 2621 vero
1686 2546 1845 2622 inferior
1870 2549 1947 2624 cito
1973 2575 2060 2626 era·

357 2720 502 2780 suatur.
528 2741 580 2772 -ι-
604 2702 749 2776 Trunci
773 2716 901 2800 partes
929 2717 1135 2773 evacuatae
1162 2701 1266 2773 omni
1292 2715 1424 2772 carent
1450 2699 1644 2798 sanguinis
1685 2703 1864 2804 vestigio,
1904 2721 1942 2780 et
1972 2705 2054 2808 pel·

356 2825 612 2934 lucidissimae
639 2853 790 2929 oculum
814 2851 896 2926 fere
921 2851 1082 2953 fugiunt.
1108 2895 1160 2912 --
1183 2857 1229 2928 In
1254 2851 1425 2946 ramulis,
1454 2852 1591 2954 quibus
1620 2857 1757 2930 arteria
1791 2858 1831 2930 in
1868 2885 1958 2934 vasa
1984 2859 2061 2938 dis-

217 3111 219 3120 y
309 3048 314 3072 ‹
355 3012 525 3118 pergitur
562 3007 775 3110 capillaria,
819 3025 939 3083 stases
990 2989 1139 3110 alienae
1182 3005 1233 3083 ob
1274 3006 1560 3108 circulationem
1608 3008 1804 3106 sanguinis
1843 3011 2062 3114 impeditam

357 3167 636 3268 relinquuntur.

289 3379 349 3444 28·
487 3401 489 3406 ·
522 3377 567 3448 ln
595 3396 732 3473 genere
757 3369 1056 3444 haemorrhoeae
1080 3365 1291 3468 placandae
1317 3354 1727 3444 conamina‘laesionis
1759 3371 1840 3451 sere
1866 3399 2060 3456 momento

355 3531 433 3633 jam
459 3528 657 3630 incipiunt,
684 3523 723 3599 e't
748 3523 825 3600 cito
851 3523 1040 3599 finiuntur.
1068 3563 1120 3580 -
1144 3522 1349 3621 Sanguinis
1373 3547 1467 3600 vero
1491 3540 1643 3624 turgore
1669 3551 1798 3604 sersus
1831 3555 1923 3606 vasa
1955 3532 2061 3614 laesa

358 3713 402 3760 ex
426 3707 652 3788 vacuaque
679 3704 794 3755 causa
824 3696 1016 3780 regnante,
1053 3675 1328 3750 haemorrhoea
1367 3676 1490 3756 alitur.
1526 3719 1578 3734 -
1618 3678 1781 3775 Placete,
1825 3682 1908 3758 sine
1944 3711 2059 3763 causa

356 3838 571 3914 sufficiente
608 3835 826 3910 resuscitari
860 3858 939 3906 non
983 3829 1094 3908 solet.
1163 3831 1424 3908 Resuscitatur
1457 3857 1548 3909 vero
1588 3857 1659 3908 seu
1694 3839 1794 3911 rasis
1836 3837 2058 3921 mechanico

355 3993 488 4088 laesis,
516 4018 584 4068 seu
609 3986 793 4066 thrombis
820 3987 1023 4083 abstersis,
1058 4009 1126 4061 seu
1150 4003 1304 4090 turgore
1329 4011 1458 4090 gersus
1492 3987 1626 4063 vulnus
1666 3991 1890 4094 insurgente
1923 3999 2055 4079 nimio.

355 4151 465 4231 Tunc
490 4144 643 4247 sanguis
669 4169 691 4218 e
715 4143 830 4217 ramis
857 4142 1143 4265 anastomoticis
1168 4138 1295 4218 subito
1321 4143 1520 4218 revertitur
1545 4162 1584 4219 et
1615 4144 1656 4218 in
1682 4164 1856 4224 truncum
1881 4171 2051 4260 apertum

357 4301 511 4380 ebrium
537 4301 694 4394 irruens,
712 4296 917 4412 'thrombos
941 4295 1015 4372 leri
1042 4323 1159 4400 opera
1183 4274 1408 4398 abripiant
1431 4297 1558 4376 denuo
1583 4299 1769 4403 prosiliat.

288 4529 350 4619 29.
526 4507 833 4584 Haemorrboeae
854 4506 1045 4582 sistendae
1069 4531 1291 4612 processum
1317 4507 1357 4584 in
1383 4506 1620 4603 animalibus,
1642 4507 1767 4583 calido
1794 4455 2058 4590 imbutissan·

358 4663 473 4770 gaiae
489 4665 580 4740 etin
595 4663 750 4739 homine
773 4661 911 4739 eodem
925 4661 1072 4739 absolsi
1095 4662 1225 4758 modo,
1251 4663 1376 4739 nullus
1401 4663 1548 4744 dubito.
1574 4663 1748 4739 Hominis
1774 4691 1948 4742 rasorum
1964 4667 2053 4742 hac·

143 4917 146 4924 1
260 4857 274 4876 =
358 4823 598 4900 morrboeam
609 4818 921 4922 magnommsine
935 4817 1164 4893 adminiculo
1176 4839 1331 4898 externo
1350 4819 1638 4924 sponteplaeari
1650 4845 1776 4923 posse,
1793 4824 1832 4896 in
1845 4823 1907 4897 Dr.
1920 4797 2057 4898 llochii
2154 4935 2158 4942 Ι
2244 4809 2250 4826 ’

291 5005 298 5016 “
361 4975 577 5052 nosocomii
602 4973 854 5050 moderatoris
876 4973 1218 5052 cliuieollonaehii
1233 4975 1933 5080 saepissimeridi,quiamputationes,
1949 4977 2061 5056 allos·
2124 4998 2126 5007 '
