4800 6194
1236 511 1403 650 16-¹

164 830 166 840 .
269 857 275 864 ¹
334 783 343 790 “
411 739 763 852 laetioremiaciam.
776 809 829 836 -
852 768 1143 862 luterstitiorum
1164 787 1204 847 et
1226 769 1430 850 rivulorum
1453 774 1597 852 tollitur
1619 729 1758 874 motus,
1781 799 1819 858 et
1838 782 1941 862 leves
1961 788 2110 868 illorum

310 1013 316 1018 ,
360 979 363 986 ,
405 927 664 1030 ,solummodo
679 943 822 1004 restant
855 927 897 1004 in
910 927 1205 1034 pareaebymata
1244 927 1394 1030 turgido
1415 945 1455 1007 et
1486 931 1637 1034 aequali
1662 933 1844 1012 maculae.
1877 939 2041 1020 Sturium
2066 974 2111 1025 ex

412 1081 652 1182 contusione?
681 1099 848 1159 amaram
867 1082 1052 1185 reliquiae
1083 1081 1227 1184 ubique
1241 1083 1537 1198 restringuntur,
1568 1084 1765 1164 laetiorem
1780 1089 1942 1170 induant
1959 1095 2109 1194 faciem,

412 1252 450 1310 et
462 1237 719 1342 parencbyma
742 1255 877 1340 turget.
1753 1231 1757 1242 ’

340 1433 398 1497 ²5·
455 1465 462 1478 ‚
580 1349 718 1468 Omnia
741 1393 781 1466 in
808 1393 885 1466 hoc
912 1387 1271 1492 quietis'rnomento
1297 1392 1529 1468 conveniunt
1551 1393 1727 1487 vulnera,
1756 1397 1975 1496 gravissima
2005 1405 2108 1503 peri·

407 1559 468 1617 ter·
491 1569 537 1620 ac
562 1543 762 1638 levissima,
790 1562 830 1620 et
853 1543 1084 1646 marginibus
1111 1544 1304 1646 depuratis
1340 1546 1531 1619 sanctioni
1556 1547 1759 1642 accedunt,
1800 1550 1981 1652 inquam
2026 1583 2106 1632 uno

407 1703 559 1772 tramite
607 1697 735 1802 omniu
785 1696 1090 1800 progrediuntur.
1141 1698 1340 1798 Temporis
1373 1697 1616 1776 solummodo
1667 1700 1845 1778 differunt
1895 1704 2106 1801 intervallo,

405 1853 446 1924 in
473 1877 549 1950 qno
577 1850 627 1924 ad
651 1850 752 1924 bunc
772 1875 892 1952 nsque
918 1868 1058 1926 statum
1081 1869 1171 1926 sunt
1194 1851 1389 1953 profecta3
1423 1839 1511 1927 narn
1551 1879 1666 1954 quem
1698 1851 1797 1930 levia
1829 1855 1929 1932 intra
1962 1884 2109 1962 paucus

404 2005 520 2082 horas
546 2003 760 2107 adtigerant
783 2005 995 2101 terminum,
1022 2006 1195 2107 graviora
1220 2001 1347 2082 multis
1375 2003 1511 2084 diebus
1536 2006 1596 2086 vix
1621 2003 1839 2084 coniciunt.

970 2293 1021 2380 D
1079 2319 1106 2378 e
1192 2317 1228 2402 p
1285 2319 1321 2381 ιι
1379 2319 1409 2384 r
1465 2297 1541 2382 e.'

332 2461 394 2540 76.
566 2461 801 2564 corpuscula
828 2475 865 2534 et
890 2460 1068 2562 granula,
1095 2461 1263 2562 quaein
1288 2459 1501 2536 interstitiis
1528 2477 1567 2538 et
1590 2459 1724 2538 rivulis
1765 2458 1995 2556 evolrtmtur,
2028 2489 2105 2566 pus

294 2571 305 2590 ο
400 2616 530 2692 vocari
553 2640 690 2718 posse,
718 2613 845 2689 credo.
1048 2605 1052 2618 '
1709 2577 1712 2582 Ι

331 2755 420 2868 η-
533 2737 538 2745 ’
564 2770 672 2844 Puris
697 2767 963 2842 formationem
989 2792 1074 2842 curn
1098 2784 1204 2844 motu
1232 2769 1500 2870 suppuratorio
1526 2765 1659 2844 intime
1681 2771 1898 2864 cohaerere,
1926 2790 2099 2870 constat,

400 2924 470 2999 sed
510 2939 635 2998 atrurn
682 2937 808 2996 motus
843 2921 951 3023 prior
984 2921 1052 3014 sit,
1088 2922 1148 3020 [an
1193 2922 1375 3020 granula3
1410 2921 1469 3000 vel
1494 2941 1621 2999 utrum
1660 2895 1815 3024 granula
1838 2944 2002 3020 motum,
2049 2953 2100 3004 art

398 3095 522 3152 motus
549 3074 705 3175 penula
718 3051 872 3166 excitet,
899 3075 982 3148 visu
998 3073 1200 3172 dijudicari
1214 3077 1362 3176 nequit.
1379 3041 1559 3151 'Attamen
1570 3073 1685 3149 simul
1702 3093 1787 3152 orta
1805 3097 2043 3155 essemctum
2060 3099 2100 3156 et

396 3258 481 3334 pus,
508 3229 632 3306 nullus
657 3227 804 3316 dubito,
830 3252 961 3328 quum,
984 3226 1106 3327 ¹sicuti
1128 3225 1397 3304 simultaneum
1427 3245 1613 3333 ceperunt
1656 3245 1799 3323 ortum,
1837 3231 1949 3306 simul
1983 3234 2098 3316 etiam

397 3385 632 3462 excoluntur.
659 3419 733 3444 --

135 3573 139 3580 '
251 3591 254 3600 ⁴
325 3568 384 3672 lb·
555 3543 780 3638 Flaccorum
792 3559 914 3640 forma
931 3587 1024 3662 rega
1051 3579 1120 3654 est,
1153 3579 1196 3636 nt
1234 3577 1370 3655 motus,
1388 3583 1501 3660 quem
1516 3559 2093 3664 perficiunt0-Motuiuintcr-

394 3718 495 3794 stitia
510 3743 706 3809 converso,
717 3717 922 3792 floccorum
930 3713 1051 3790 forma
1061 3715 1185 3814 ligitur
1190 3767 1202 3806 ,
1223 3733 1261 3788 et
1269 3707 1489 3815 pallidiores
1503 3713 1657 3814 quidem
1671 3716 1776 3807 liunt,
1786 3717 2091 3820 sedcorpuscula

299 3873 304 3889 '
393 3871 571 3946 exhibent
607 3869 838 3971 aequaliora,
871 3893 971 3968 quae
993 3867 1041 3942 ab
1067 3867 1375 3948 interstitiisnon
1400 3865 1561 3968 amplius
1578 3865 1756 3943 aberrant
1775 3909 1826 3926 —-
1854 3870 2089 3972 corpuscula

394 4023 555 4098 cranida
578 4041 685 4115 sunt,
729 4022 786 4095 uti
810 4038 955 4113 motas,
979 4045 1096 4122 parva
1111 4073 1123 4114 ,
1156 4020 1317 4122 pallida,
1370 4037 1409 4095 et
1455 4020 1711 4124 sphaericam,
1756 4020 1846 4132 dum
1882 4043 2091 4123 emergunt,

365 4176 616 4278 ,quaerentia
648 4173 829 4270 formam,
883 4177 946 4252 cui
989 4201 1078 4252 raro
1129 4174 1340 4253 servandae
1390 4173 1562 4248 nondum
1586 4199 1717 4276 pares,
1797 4175 1941 4303 mixtim
1991 4178 2090 4251 inter·

390 4359 431 4408 se
454 4333 659 4410 confluunt
686 4375 738 4390 -
762 4328 975 4406 Interstitiis
1003 4331 1042 4403 in
1068 4329 1211 4407 rivulos
1235 4329 1463 4430 protractis,
1500 4329 1612 4410 etiarn
1639 4326 1866 4428 corpuscula
1905 4329 2089 4404 certiores

391 4487 554 4564 induunt
592 4489 734 4565 foratas
767 4503 810 4561 et
833 4483 988 4587 granula
1015 4483 1211 4576 exhibent,
1238 4508 1287 4556 eo
1320 4481 1501 4581 insignia,
1538 4498 1599 4574 ut,
1647 4479 1735 4555 dum
1760 4451 2098 4572 morontun‘non

391 4641 549 4745 amplius
575 4645 674 4717 inter
696 4667 737 4718 se
764 4639 1010 4716 involvantur.
1038 4639 1213 4712 Attamen
1241 4634 1541 4727 individualitas,
1574 4645 1692 4735 quam
1719 4633 1980 4734 acquirebant,
2008 4645 2107 4714 tam,

391 4796 524 4897 exigua
539 4815 607 4890 est,
635 4814 676 4870 ut
686 4813 791 4870 motu
809 4795 868 4868 vix
884 4791 1086 4884 retardato,
1098 4793 1173 4891 jam
1188 4788 1362 4864 diffluere
1378 4785 1573 4886 incipiant.
1590 4829 1641 4844 ·-
1655 4789 1766 4862 Locis
1780 4788 1959 4886 denique,
1986 4813 2086 4886 qnae

389 4968 494 5025 motu
516 4947 683 5049 gaudent
706 4947 939 5041 alacer-rimo,
968 4945 1125 5048 granula
1149 4944 1308 5019 marimo
1335 4960 1423 5017 sunt
1441 4942 1608 5038 exculta,
1633 4983 1682 4996 -—
1711 4965 1829 5040 quum
1840 4965 1931 5016 vero
1956 4957 2084 5014 motus
