4838 6192
1244 616 1403 682 70·

427 807 712 910 extinguantur,
739 829 788 878 an
808 830 852 878 ex
872 799 1201 904 decompositioua
1218 799 1454 903 globulorum
1471 820 1594 876 motus
1613 803 1884 908 intercipiatur.
1937 805 2015 880 Sed
2032 815 2124 881 con·

430 982 524 1058 stat,
559 961 738 1066 globulos
764 960 979 1060 sanguinis,
1018 978 1125 1034 motu
1149 960 1320 1060 rigente,
1347 958 1646 1064 individualitate¹
1666 958 1761 1033 mira
1787 958 1975 1060 gaudere,
2010 985 2125 1061 quam

432 1117 570 1196 eodem
593 1115 731 1216 gradu,
757 1141 834 1216 quo
858 1131 983 1190 motus
1008 1111 1161 1206 deficit,
1184 1113 1360 1216 perdunt.
1395 1087 1399 1094 .

338 1307 426 1372 273·
597 1295 801 1394 Sanguinis
835 1294 995 1394 globuli,
1040 1294 1119 1368 ae'ri
1154 1295 1333 1396 expositi,
1376 1293 1552 1396 proprias
1586 1293 1752 1369 subeunt
1783 1293 2122 1395 metamorphoses.

421 1454 460 1524 -Ε
484 1475 579 1524 vena
600 1449 707 1523 missi
714 1503 726 1541 ,
752 1466 894 1522 motum
914 1448 1103 1548 quendam
1118 1439 1410 1524 'verticillantem
1430 1475 1499 1550 per
1518 1448 1633 1524 breve
1651 1451 1798 1551 tempus
1821 1417 2121 1536 adhuc-serrant,

432 1604 558 1679 donec
587 1603 796 1702 quiescant.
848 1605 957 1676 Tunc
994 1627 1126 1675 omnes
1156 1600 1329 1700 globulos
1354 1600 1488 1674 cadem
1515 1602 1681 1701 gaudere
1708 1601 1841 1694 forma,
1873 1601 1975 1674 bene
1999 1615 2117 1702 patet.

347 1827 350 1834 ,
381 1735 383 1742 ¹
434 1755 534 1850 Sed,
559 1751 666 1831 brevi
688 1772 862 1858 tempore
886 1753 1035 1855 elapso,
1062 1752 1332 1853 aliquantulum
1349 1771 1495 1833 tumere
1516 1772 1555 1830 et
1572 1755 1911 1854 volumineaugeri
1931 1750 2127 1856 ridentur,
2154 1753 2157 1762 ’

327 1883 331 1890 ¹
355 1995 367 2012 ³
436 1883 547 1983 simul
571 1907 761 2008 margines
783 1906 1087 2009 circumscriptos
1116 1904 1331 2006 deponunt,
1359 1925 1398 1982 et
1418 1909 1494 1984 leri
1514 1910 1644 1984 halorc
1669 1908 1884 2008 cinguntur.

341 2111 428 2178 274.
596 2090 647 2160 Et
665 2085 823 2188 adparet
837 2085 1013 2180 nucleus,
1040 2087 1106 2189 qui
1123 2113 1168 2160 ex
1184 2085 1258 2159 h'oc
1275 2089 1446 2189 t'ampore
1467 2115 1659 2190 nunquam
1678 2116 1741 2163 mc
1763 2087 1877 2188 sugit,
1911 2086 2001 2160 licet
2022 2084 2126 2186 prius
2171 2062 2178 2076 ⁹

360 2328 371 2350 ι
430 2267 625 2344 nunquam
651 2265 737 2314 cum
761 2236 1052 2318 observaverim.
1105 2241 1354 2316 Globulorum
1383 2242 1542 2319 nucleus
1566 2243 1687 2344 magis
1712 2244 1929 2344 magisque,
1956 2240 1989 2314 si
2011 2233 2127 2324 semel

361 2453 364 2460 ,
430 2397 622 2500 adparuit,
649 2393 847 2470 evolvitur.

227 2575 233 2583 ’
342 2611 430 2680 275,
494 2591 505 2626 ¹·
596 2579 706 2650 Tunc
729 2570 967 2674 globulorum
988 2571 1065 2664 illi,
1090 2574 1155 2673 qui
1178 2575 1338 2674 sparsim
1362 2574 1511 2676 jacent,
1536 2572 1734 2653 scrumad
1761 2573 1949 2672 margines
1977 2589 2127 2648 contra·

430 2735 546 2823 tunt,
580 2755 659 2830 quo
683 2728 793 2829 quasi
817 2723 959 2799 annulo
988 2726 1126 2821 cincti,
1152 2729 1342 2828 margines
1368 2689 1675 2830 circumscriptos
1698 2745 1738 2802 et
1765 2745 1891 2802 certos
1919 2725 2127 2828 deponunt.

428 2884 676 2959 Exsiccautur
697 2881 885 2980 denique,
914 2897 953 2952 et
975 2880 1078 2955 circa
1099 2881 1273 2990 nucleum
1297 2899 1556 2982 corrugantur.

339 3051 444 3152 ῃῡ,Ι
501 3039 505 3050 “
596 3035 845 3112 Globulorum
858 3086 871 3123 ,
897 3032 937 3104 iu
963 3035 1114 3133 agmina
1142 3035 1408 3130 collectorum,
1433 3037 1643 3136 margines,
1669 3035 1757 3110 dnm
1783 3059 1908 3108 serum
1931 3030 2127 3124 exsudant,

431 3194 551 3294 magis
581 3191 779 3290 magisque
807 3186 1024 3270 dehiscunt,
1059 3147 1159 3260 inter
1189 3213 1232 3260 se
1262 3187 1476 3280 confluunt,
1512 3203 1552 3260 ct
1578 3211 1666 3260 aero
1707 3187 1878 3260 exhalato
1915 3186 2126 3285 cinguntur.

432 3343 683 3422 Globulorum
706 3339 932 3415 coalitorum
954 3338 1082 3444 nuclei
1108 3339 1259 3414 oculum
1280 3340 1453 3443 fugiunt,
1486 3341 1555 3416 sed
1573 3329 1873 3444 prope'agmina
1898 3341 2124 3441 saepissime

419 3499 591 3606 ‚nucleos
614 3494 751 3570 viduos
775 3489 867 3569 vidi.
916 3493 1076 3610 Semper
1100 3493 1324 3596 sphaericae
1342 3492 1509 3587 formae,
1542 3492 1707 3594 globulis
1731 3491 1900 3565 minores
1924 3509 1964 3569 ct
1984 3513 2144 3572 summe,

360 3627 368 3634 ”
429 3651 613 3756 pellucidi
634 3665 752 3724 erant.
807 3645 886 3720 Sed
901 3673 979 3722 nec·
994 3647 1082 3722 dum
1096 3647 1359 3724 ex'inrolucris
1379 3647 1618 3750 prosilirent,
1652 3671 1724 3720 nec
1745 3643 1941 3722 involucra
1957 3645 2040 3746 ipsa
2058 3671 2129 3718 un·

367 3809 370 3816 '
435 3833 546 3908 quam
573 3803 666 3890 mihi
698 3787 932 3912 distinguere
956 3800 1074 3874 licuit.
1123 3799 1222 3872 Fieri
1247 3801 1393 3900 potuit,
1426 3817 1468 3873 ut
1493 3801 1689 3874 involucra
1716 3824 1806 3872 sero
1837 3815 2055 3891 consumta,
2091 3816 2131 3872 et
2169 3796 2179 3840 “·

432 3957 559 4033 nuclei
589 3971 777 4030 restantes
798 3953 1037 4056 potissimum
1060 3924 1307 4026 crassamenti
1333 3911 1734 4047 substratumessent3
1771 3951 1841 4026 scd
1879 3953 2123 4053 quemfacta
2211 3935 2217 3940 .

288 4136 295 4145 ’
408 4115 516 4213 ¹sola
541 4111 690 4205 refero,
721 4111 925 4214 opiniones
955 4131 1035 4180 non
1062 4103 1243 4181 defendo.
1292 4105 1541 4182 Globulorum
1569 4106 1738 4207 agmina,
1769 4103 1820 4184 ab
1845 4115 1936 4182 aare
1963 4061 2144 4208 deniquex

436 4268 642 4359 exsiccata,
667 4279 922 4364 corrugatam,
945 4259 1098 4336 rubram
1116 4279 1155 4334 et
1168 4260 1406 4361 inaequalem
1427 4285 1590 4336 massam
1614 4257 1804 4334 exhibent.
1847 4265 1872 4310 ‘·
1930 4347 1932 4350 ¹

345 4441 433 4512 att.
600 4417 774 4510 Globuli,
799 4442 905 4518 aqua,
925 4418 1050 4510 mixti,
1074 4415 1398 4516 metamorphoses
1428 4413 1597 4512 insigues
1618 4413 1838 4514 patiuntur3
1868 4437 1958 4487 uam
1982 4429 2129 4488 tument

433 4549 475 4648 'et
485 4571 651 4647 colorem
659 4571 898 4672 pallidiorem
906 4569 1076 4644 induunt
1105 4568 1533 4678 Sphaericaeaccedunt
1544 4567 1712 4662 formae,
1728 4565 1965 4658 seddivcrsa,
1982 4582 2130 4639 tumen·

438 4745 516 4819 tes,
550 4725 716 4827 gaudent
749 4714 1019 4823 magnitudine.
1084 4723 1204 4798 Modo
1230 4725 1398 4798 minores
1420 4739 1527 4814 sunt,
1562 4721 1681 4794 rnodo
1705 4719 1894 4835 majorcs3
1937 4717 2128 4793 interdum

439 4879 522 4954 hini
555 4898 622 4973 aut
650 4879 751 4954 terni
788 4895 1090 4974 conuascuutur3
1132 4877 1198 4952 alii
1238 4875 1413 4954 vericulis
1445 4875 1657 4976 sphaericis
1690 4873 1871 4948 simillimi
1912 4889 2002 4946 sant
2040 4869 2148 4969 (luae,
