4848 6194
1051 565 1203 646 '41

248 769 331 836 ¹⁷2·
497 775 594 852 Mira
618 775 658 850 in
685 750 938 866 arteria,¹non
961 773 1090 848 stricte
1109 771 1234 874 ligata,
1262 767 1485 872 contingunt
1499 769 1775 871 phaenomena.
1798 771 1933 890 Undae
1959 773 2038 846 ani·

214 967 218 978 ·
334 931 617 1008 madvertuntur
642 926 784 1032 pulsus,
811 926 880 1026 qui
904 924 1034 1000 cordis
1057 923 1195 1000 ictibus
1220 923 1454 1027 respondere
1479 923 1665 1000 ridentur.
1692 925 1888 1002 Pressione
1914 944 2035 1019 aucta,

335 1085 464 1190 pulsus
492 1083 685 1204 elepantur
709 1096 748 1155 et
774 1095 977 1178 augentur,
1003 1079 1241 1190 continuata,
1268 1078 1397 1191 cordis
1420 1079 1557 1198 ictibus
1590 1077 1745 1157 tandem
1775 1104 1854 1155 non
1881 1079 2039 1182 amplius

334 1235 569 1340 respondent
594 1250 633 1308 et
656 1231 766 1308 simul
792 1233 964 1308 exiliores
990 1231 1095 1326 dunt,
1121 1233 1256 1325 donec,
1281 1233 1479 1336 pressione
1504 1259 1648 1310 somma
1662 1235 1844 1331 adhibita,
1866 1237 2040 1340 pulsuum

338 1389 593 1490 irregularitas
620 1403 658 1462 et
680 1386 846 1490 parcitas
873 1411 921 1462 eo
945 1411 1067 1488 nsque
1103 1385 1416 1488 progrediuntur,
1450 1404 1493 1460 ut
1527 1387 1729 1490 exspirent.
1781 1393 1943 1494 Sanguis
1967 1421 2038 1498 per

338 1543 553 1619 stricturam
578 1541 628 1615 ad
652 1538 766 1616 linem
790 1563 911 1639 usque
935 1539 1139 1642 rapiditate
1165 1539 1308 1642 insigni
1331 1539 1528 1644 trajicitur.

321 1691 326 1696 ι
500 1725 547 1796 Ιιι
571 1721 677 1797 renis
703 1718 1014 1796 semiconstrictis
1039 1717 1167 1822 pulsus
1192 1717 1287 1842 tales
1311 1743 1507 1820 nunquam
1531 1718 1631 1814 ridi,
1663 1719 1733 1794 sed
1757 1721 1861 1808 unda
1886 1747 1935 1800 eo
1959 1753 2038 1800 rna-
2071 1771 2076 1786 ·
2123 1787 2130 1802 .

338 1878 394 1977 gia
420 1873 708 1970 retardabatur,
736 1889 775 1948 et
799 1871 849 1948 ad
872 1888 1129 1952 anastomoses
1154 1870 1420 1948 retrudebatur
1431 1925 1444 1964 ‚
1471 1897 1548 1972 quo
1574 1871 1715 1947 arctius
1739 1893 1819 1950 erat
1845 1879 1986 1954 stricta.

1083 2091 1295 2114 m

1038 2265 1334 2356 Motus.

252 2453 335 2520 itt·
504 2447 692 2524 Circulum
718 2448 933 2548 sanguinis,
960 2446 1048 2525 dum
1072 2441 1195 2526 motus
1220 2447 1442 2524 muscularia
1466 2442 1748 2549 perficiebatur,
1784 2450 1940 2540 mutari,
1967 2447 2038 2526 ob·

338 2602 497 2679 serrari.
543 2601 816 2693 Thomsonius,
851 2601 1046 2701 sanguinis
1072 2601 1255 2680 circulum
1279 2628 1302 2676 a
1325 2617 1432 2704 motu
1456 2561 1608 2700 saepius
1631 2599 1861 2675 retardatum
1887 2617 1925 2676 et
1947 2629 2037 2706 pcr-

330 2755 521 2831 turbatum
544 2754 676 2847 fuisse,
699 2753 896 2828 contendit
902 2782 916 2848 3
942 2755 1011 2828 sed
1026 2773 1168 2831 motum
1194 2779 1279 2828 cum
1304 2754 1520 2856 pressione,
1536 2777 1635 2852 quae
1650 2753 1870 2856 saepissime
1888 2757 1928 2828 in
1954 2759 2038 2828 ani·

266 2911 273 2922 '
332 2907 513 3000 malibus,
539 2907 590 2983 ad
615 2905 828 2981 machinam
852 2903 1043 3004 quandam
1067 2904 1279 3007 adplicatis,
1304 2929 1484 2979 unacum
1508 2919 1612 2978 motu
1646 2909 1834 2998 occurrit,
1870 2925 2035 2984 mutasse

333 3045 494 3135 ridetur.
544 3049 648 3132 Inter
671 3075 834 3151 motum,
861 3084 974 3158 quem
999 3059 1040 3130 in
1066 3058 1188 3133 cauda
1211 3059 1422 3150 tritonum,
1446 3053 1552 3130 nullo
1578 3071 1726 3132 retenta
1759 3061 1930 3153 vinculo,
1964 3061 2034 3136 ob·

263 3277 270 3288 .
333 3213 503 3304 serrari,
529 3211 722 3311 sanguinis
750 3209 930 3284 circulum
965 3209 1216 3286 acceleratum
1241 3229 1279 3286 et
1303 3207 1413 3285 simul
1445 3205 1584 3286 undam
1609 3207 1819 3311 pleniorem
1846 3213 1895 3286 ad
1928 3241 2037 3291 raso·

333 3393 417 3440 rum
440 3365 604 3466 angulos·
625 3363 821 3463 adpulsam
845 3361 934 3439 ridi.
960 3361 1066 3437 ldem
1092 3361 1206 3437 ctiam
1231 3363 1271 3438 in
1296 3363 1415 3464 pinna
1441 3360 1583 3436 caudae
1610 3363 1788 3440 cubitidis
1814 3367 1954 3442 inveni.

217 3639 224 3652 ι
248 3573 334 3638 η4,
500 3522 681 3618 Ceterum.
700 3545 860 3616 nesciet
883 3559 1007 3615 utrum
1031 3542 1226 3641 sanguinis
1246 3539 1407 3614 circulus
1434 3530 1720 3616 acceleraturos
1743 3545 1846 3618 unda
1870 3547 2032 3646 plenior,

212 3741 220 3756 ι
333 3723 463 3774 versus
489 3695 646 3795 angulos
670 3719 844 3770 rasorum
870 3693 1046 3796 adpulsa,
1073 3719 1097 3767 a
1121 3709 1225 3769 motu
1250 3692 1452 3767 masculari
1479 3692 1705 3786 excitentur,
1741 3695 1826 3794 (scu
1852 3695 2033 3774 acciden-

333 3851 429 3926 tales
454 3849 538 3925 sint
555 3847 719 3949 motui),·
744 3873 793 3922 an
818 3849 893 3950 ipsi
917 3865 1061 3924 motum
1085 3845 1335 3922 muscularem
1368 3845 1531 3922 excitare
1563 3847 1713 3947 jurent,
1749 3847 1837 3952 (seu
1869 3855 1945 3928 sint
1971 3880 2032 3931 es·

334 4001 542 4102 candales).
1568 3981 1571 3986 ¹

1082 4101 1295 4123 ψ

804 4313 815 4332 ,.
956 4253 1480 4400 Agttotto„

248 4473 332 4542 Μ,
500 4439 691 4540 Agitatio,
717 4397 793 4540 qua
818 4437 898 4514 fere
923 4453 1025 4516 totus
1059 4439 1221 4516 aflicitur
1245 4431 1501 4541 organismus,
1526 4441 1645 4519 motui
1668 4443 1939 4520 vehementiori
1973 4446 2031 4520 af·

335 4593 420 4668 finis
445 4609 512 4668 est.
541 4591 795 4692 Agitationem
821 4591 1022 4685 animalia,
1042 4592 1092 4666 ad
1116 4595 1307 4670 machinas
1342 4593 1552 4698 applicate,
1582 4597 1671 4672 dnm
1694 4599 1770 4674 rim
1794 4597 1924 4697 lugere
1949 4617 2030 4674 ten-

334 4763 441 4830 tant,
466 4743 645 4822 taoffltne
668 4743 885 4847 patiuntur,
909 4744 1011 4820 ande
1036 4745 1192 4841 turbae,
1219 4773 1318 4850 W
1336 4750 1677 4858 experimentorum
1695 4750 1895 4826 decmunr
1918 4751 2030 4825 valde

335 4897 594 4992 conandum,
620 4916 658 4972 et
683 4899 819 4998 quffius
846 4897 945 4976 bene
971 4917 1029 4974 eet
1054 4901 1344 4992 consulendum,
1374 4901 1489 4975 acciri
1515 4889 1648 4977 sol'em.

1309 5027 1365 5107 ,o

1696 5145 1706 5185 l
