4838 6192
1180 603 1229 685 9¹

359 790 456 892 quio
479 789 519 863 a
541 789 674 864 snm
694 767 990 866 ammom
1014 785 1224 868 most
1249 789 1337 863 ouo
1352 786 1592 890 possm
1613 789 1656 864 n
1676 811 1792 862 cam
1814 811 1900 864 aaa
1923 790 2055 886 nero,

362 969 519 1046 nempe:
559 942 602 1044 ο)
627 962 753 1020 motos
775 947 971 1046 anguinis
991 945 1178 1019 lentorem
1197 969 1265 1018 seu
1291 943 1519 1018 celeritatem
1536 942 1751 1038 relativam,
1777 959 1818 1016 et
1835 939 1880 1041 b)
1905 942 2055 1044 sangui

361 1098 424 1174 nis
444 1098 616 1174 indolem
635 1101 842 1203 propriam.
890 1098 1015 1176 ambo
1032 1099 1074 1174 iu
1096 1098 1256 1174 dirersis
1281 1099 1434 1201 organis
1454 1115 1494 1172 et
1518 1095 1677 1172 diversis
1698 1095 1799 1172 vitae
1824 1096 2055 1172 conditioni·

359 1249 434 1326 hus
459 1276 603 1328 summe
626 1255 783 1332 variant.

272 1461 358 1550 ³³9·
525 1464 562 1528 2.
588 1447 806 1524 Secundum
824 1446 1005 1522 materiae
1027 1443 1298 1522 vicissitudinis
1317 1461 1356 1518 et
1375 1442 1690 1544 metamorphosis
1704 1461 1935 1518 momentum
1951 1469 2056 1521 com·

329 1657 337 1670 .
358 1602 578 1678 mutationis
604 1621 677 1682 est.
726 1605 772 1678 lu
794 1601 869 1678 hoo
887 1600 1046 1700 materia
1066 1599 1240 1702 deposita
1260 1597 1315 1672 ita
1333 1597 1374 1670 in
1397 1596 1693 1700 parenchymate
1718 1613 1986 1706 commutatur,
2011 1615 2055 1674 ut

359 1757 499 1830 secreti
521 1756 719 1852 cujusdam
735 1755 895 1833 sormam
912 1773 952 1832 et
974 1753 1144 1832 indolem
1163 1751 1394 1857 penitima
1416 1748 1562 1828 induat.
1611 1752 1718 1826 Ilaec
1737 1753 2054 1854 metamorphosis
2215 1813 2219 1818 .

357 1931 427 1982 seu
446 1912 688 1986 commutatio
708 1935 777 1986 seu
796 1907 975 1988 iormatio
994 1907 1176 1984 materiae
1196 1933 1330 2003 novae,
1356 1933 1455 2010 quae
1476 1908 1517 1982 iu
1537 1906 1833 2009 perenchymate
1856 1907 2055 2008 contingit,

359 2059 482 2138 oeulis
502 2065 628 2139 miuus
652 2061 881 2140 abscondite
903 2080 979 2156 est,
1005 2086 1118 2162 qoam
1141 2061 1242 2136 illius
1262 2061 1465 2162 depositio.
1515 2057 1709 2136 Formatio
1726 2061 1828 2134 enim
1845 2061 2054 2162 sanguinis,

357 2213 462 2315 puris
494 2233 534 2290 et
560 2215 754 2320 lymphae,
789 2240 889 2318 quae
917 2215 958 2289 in
981 2214 1272 2316 parcnchymntc
1303 2231 1532 2306 naseuntur,
1556 2213 1760 2315 perspicua
1787 2229 1859 2292 est.
1898 2213 2056 2292 -llodem

355 2365 475 2442 modo
485 2421 499 2460 ,
524 2393 571 2443 ac
600 2370 776 2469 sangum
799 2393 874 2472 pus
901 2386 942 2444 et
967 2368 1139 2481 lympha,
1166 2393 1326 2466 quorum
1359 2367 1629 2442 formationem
1658 2365 1755 2460 vidi,
1778 2365 1819 2441 in
1843 2370 2056 2474 perenchy·

350 2535 458 2594 mate
486 2518 807 2622 procreabantur,
851 2522 964 2598 etiam
989 2521 1106 2604 bilem
1133 2537 1173 2595 et
1202 2517 1363 2622 quodvis
1394 2539 1602 2614 secretum,
1637 2519 1746 2620 cujus
1771 2521 2056 2620 generationem

354 2647 435 2744 uon
453 2669 664 2767 observavi,
688 2674 729 2746 in
751 2677 1045 2784 perenchymate
1071 2676 1164 2750 oriri
1184 2674 1313 2750 eredo
1365 2675 1840 2776 Formationis'proccssus
1860 2675 1901 2748 in
1917 2701 2056 2780 paren·

355 2823 528 2926 ehymate
560 2823 727 2902 motibus
752 2827 960 2920 indicatur,
998 2829 1066 2929 qui
1096 2830 1137 2902 in
1167 2827 1279 2901 initio
1310 2826 1569 2902 obscurissimi
1591 2844 1701 2920 sunt,
1733 2828 1845 2903 sicuti
1874 2831 2053 2924 materia,

227 3063 245 3088 ⁸
354 3003 454 3080 quas
479 2998 668 3073 movetur,
710 2980 836 3097 adlsue
859 2979 1057 3056 indefinita
1083 2997 1155 3060 est.
1202 2977 1283 3055 Sed
1302 2980 1463 3056 materia
1487 2997 1527 3054 et
1555 2977 1657 3055 illius
1680 2997 1805 3057 motus
1829 2981 1951 3083 magis
1974 2941 2054 3060 nia·

352 3131 488 3232 gisque
510 3131 661 3206 demum
683 3134 920 3212 excoluntur.

262 3343 355 3427 360.
520 3325 733 3427 Quaeritur,
768 3327 963 3404 curmodo
977 3331 1143 3428 sanguis,
1168 3327 1380 3432 modopm,
1407 3329 1526 3408 modo
1538 3329 1640 3422 bilis,
1674 3327 1792 3405 modo
1812 3329 1917 3406 allud
1941 3330 2053 3432 quid·

354 3502 466 3578 quam
480 3479 520 3554 in
533 3481 828 3584 par'enchymats
839 3479 1088 3583 procreetur?
1111 3483 1198 3556 Duo
1212 3481 1254 3553 in
1270 3505 1385 3556 causa
1398 3507 1483 3554 esse
1492 3481 1621 3572 credo,
1644 3507 1803 3584 nempez
1827 3484 1868 3582 a)
1881 3483 2050 3560 indolem

351 3632 545 3725 materiae,
565 3659 665 3734 quae
679 3635 899 3738 esanguine
918 3635 958 3707 in
971 3635 1265 3736 parenchymatc
1286 3633 1461 3738 deposita
1478 3650 1556 3729 est,
1581 3631 1625 3732 b)
1646 3631 1815 3708 indolem
1834 3635 2047 3738 parenelsy·

350 3787 461 3860 metm
497 3787 637 3889 ipsine,
663 3789 703 3862 in
739 3815 817 3892 quo
840 3789 1022 3862 materiae
1054 3787 1299 3864 commutatio
1325 3786 1378 3862 dt.
1428 3785 1550 3862 Ambo
1577 3787 1619 3859 iu
1646 3783 1804 3864 dirersis
1832 3788 1985 3890 organis
2009 3807 2049 3866 et

352 3935 511 4013 diversis
534 3939 634 4017 vitae
656 3941 941 4018 conditionibus
952 3941 1074 4020 -valde
1092 3942 1251 4017 variant.

258 4115 343 4194 36¹·
512 4135 548 4197 3.
576 4120 746 4194 Tertium
765 4129 947 4194 materiae
963 4097 1235 4195 vicissitudinis
1253 4137 1293 4194 et
1309 4117 1625 4222 metamorphosis
1651 4135 1883 4195 momentum
1908 4121 2047 4199 colleo-

352 4267 469 4342 tionis
492 4285 532 4342 ct
558 4269 817 4378 absorptionis
845 4273 1015 4349 salutari.
1070 4278 1113 4348 lu
1141 4274 1218 4351 hoc
1243 4287 1438 4347 momento
1466 4273 1642 4366 materia,
1678 4299 1777 4376 quae
1806 4297 1829 4348 e
1860 4277 2046 4377 sanguine

345 4421 594 4533 depositonet
618 4424 666 4498 in.
679 4425 976 4528 parenchymate
1001 4445 1230 4501 commutata
1259 4443 1298 4500 ct
1318 4426 1483 4501 formata
1507 4402 1604 4518 est,
1622 4427 1811 4528 colligitur
1829 4445 1870 4504 et
1896 4430 2046 4506 devehi·

353 4593 423 4650 tur.
474 4579 583 4653 Nova
601 4581 758 4653 materia
773 4580 935 4680 primum
955 4581 995 4652 in
1020 4579 1222 4654 interstitia
1243 4581 1343 4672 coit;
1369 4581 1578 4656 interstitia
1595 4599 1721 4656 autem
1742 4609 1831 4657 mox
1845 4582 1885 4656 in
1903 4583 2044 4664 rivulos

347 4731 583 4832 elongantur.
624 4735 749 4809 Rivali
765 4735 805 4808 in
824 4751 988 4834 systema
1009 4731 1203 4833 quoddam
1221 4733 1450 4834 colliguntur
1470 4753 1509 4810 et
1525 4733 1771 4811 devehuntur.
1816 4733 1943 4810 Riruli
1956 4761 2043 4812 san·

344 4885 469 4982 guinis
494 4883 547 4960 sd
565 4909 656 4960 vasa
679 4883 840 4962 formata
865 4885 1045 4978 tendunt,
1070 4885 1179 4960 rivuli
1210 4888 1314 4988 puris
1338 4889 1438 4963 inter
1465 4913 1508 4966 se
1532 4890 1636 4993 ipsos
1661 4890 1902 4980 mactantur,
1927 4908 1967 4966 et
1982 4889 2041 4968 fo·

1399 5059 1443 5122 12
1470 5041 1493 5086 ³
