4838 6192
1156 611 1206 692 92
1343 585 1348 601 '

335 783 624 894 prorumpentes
650 796 726 868 ridi
735 825 749 890 3
775 797 849 870 hoc
868 797 908 868 in
932 794 1184 870 mesenteride
1209 798 1397 896 contingit
1401 823 1415 892 3
1440 821 1514 870 nec
1533 822 1614 871 non
1628 795 1874 876 inflammatio
1892 825 2031 874 senam

334 945 402 1018 tali
417 944 602 1022 effusione
614 947 850 1047 globulorum
874 969 1038 1056 paratur.
1090 951 1171 1021 lloe
1189 948 1392 1040 effusiones
1408 949 1559 1048 saepius
1571 949 1695 1023 critici
1712 949 1859 1050 aliquid
1875 951 2032 1028 babent.

247 1165 334 1230 333.
383 1117 393 1124 .
499 1147 570 1218 Ast
590 1171 672 1219 non
696 1173 844 1250 semper
868 1147 1014 1249 globuli
1037 1149 1175 1248 integri
1202 1174 1224 1222 e
1256 1149 1353 1222 rasis
1379 1147 1638 1248 deponuntur,
1665 1150 1734 1222 sed
1756 1151 1944 1224 interdum
1959 1153 2029 1226 cti·

334 1317 394 1366 am
419 1297 618 1388 materiae,
643 1323 742 1398 quac
764 1329 788 1376 a
814 1301 976 1401 globulis
1002 1303 1043 1374 in
1068 1303 1167 1377 rasis
1194 1299 1436 1400 capillnribus
1462 1299 1596 1400 majori
1617 1305 1728 1403 copia
1755 1321 1794 1376 et
1813 1321 1953 1378 mumta
1967 1307 2026 1378 in·

334 1444 423 1518 dole
452 1447 709 1544 eliminantur,
736 1455 909 1528 exsudari
927 1455 1112 1531 videntur.
1150 1457 1232 1528 Hae
1251 1455 1430 1529 materiae
1455 1455 1620 1528 exactius
1644 1456 1816 1554 conspici
1844 1483 1923 1530 non
1937 1484 2028 1560 pos·

334 1613 439 1690 sunt,
466 1601 557 1697 quia
575 1603 687 1678 nimis
705 1605 919 1704 pellucidae
940 1624 1028 1682 sunt
1060 1625 1100 1680 et
1130 1609 1172 1680 in
1203 1608 1495 1708 parencbymate
1518 1609 1644 1681 statim
1666 1603 1836 1720 dillnnnt
2027 1588 2032 1599 ¹

244 1773 331 1838 ³8⁴.
497 1756 677 1830 Materiae
694 1757 837 1833 cll’usne
853 1761 979 1836 varios
993 1785 1196 1861 processus
1215 1761 1255 1832 in
1272 1759 1566 1860 parencbymate
1589 1759 1715 1832 denuo
1742 1758 1870 1833 subire
1897 1761 2029 1834 riden-

314 1921 403 2024 tur-3
427 1905 496 1978 sed
518 1905 557 1979 bi
583 1909 840 1986 inconstantes
862 1931 968 2005 sunt,
993 1939 1066 1988 nec
1089 1931 1182 2014 typo
1206 1929 1312 1988 certo
1329 1913 1506 2012 gandent.
1538 1945 1544 1952 ·

240 2095 325 2159 385.
496 2087 641 2160 Pariter
666 2089 778 2164 etiam
797 2089 994 2191 absorptio
1021 2091 1127 2190 larga
1148 2109 1187 2164 et
1204 2090 1435 2189 irregularis,
1474 2113 1572 2189 qnae
1598 2088 1668 2163 sub
1689 2110 1794 2165 motu
1814 2097 2019 2194 sanguinis,
2140 2171 2146 2176 .

329 2265 353 2311 a
372 2239 506 2314 morbo
535 2243 767 2333 accelerato,
792 2243 996 2341 contingit,
1024 2243 1276 2344 depositionis
1301 2243 1511 2316 characteri
1538 2241 1691 2316 minime
1712 2249 1931 2345 respondet,
1949 2247 2020 2322 sed

327 2393 486 2491 proprio
513 2391 668 2467 dimicat
691 2397 825 2470 lllarte.
874 2399 1061 2470 Vesorum
1087 2394 1399 2494 lymphaticomm
1418 2393 1565 2469 functio
1589 2393 1737 2492 sublata
1753 2413 1831 2487 est,
1872 2414 1911 2472 ct
1935 2426 2022 2474 san·

329 2545 413 2644 guis
426 2545 511 2644 ipse
526 2569 627 2618 nnnc
642 2543 898 2646 absorptionis
912 2571 1133 2648 processum
1158 2543 1338 2637 absolsit,
1371 2546 1460 2620 dum
1484 2546 1790 2646 parencbymatis
1810 2551 2018 2650 particulas

328 2695 562 2796 deposcitur,
589 2715 629 2770 at
647 2722 776 2773 secum
799 2698 949 2804 abripit
979 2697 1045 2774 Sic
1068 2699 1270 2800 pigmenti,
1295 2699 1550 2774 membranam
1573 2700 1798 2772 natatoriam
1816 2725 1934 2778 ranae
1950 2704 2019 2777 ob·

326 2851 508 2948 tegentis,
534 2851 738 2951 particulas
763 2852 983 2948 asengnine
999 2849 1176 2950 abreptas
1201 2852 1298 2943 vidi,
1325 2869 1364 2924 et
1396 2851 1547 2944 sebum,
1576 2875 1665 2926 vose
1692 2852 1836 2949 majora
1857 2855 2025 2953 cingens,

327 3006 368 3074 in
392 3003 674 3078 mesenteritide
699 3002 999 3079 consumebatur.

238 3151 324 3231 586·
488 3157 646 3257 Propter
668 3157 768 3230 banc
793 3155 1044 3258 depositionis
1069 3171 1109 3228 et
1139 3153 1396 3256 absorptionis
1426 3115 1649 3230 relationem
1671 3183 1799 3255 vagam
1847 3169 1887 3232 ct
1919 3159 2023 3234 inse·

325 3311 474 3412 qualem
507 3335 651 3410 organa
681 3307 860 3383 facillime
890 3325 929 3380 ot
953 3307 1134 3380 citissime
1156 3305 1237 3380 fere
1262 3307 1414 3407 penitus
1438 3309 1571 3382 mutari
1592 3333 1729 3409 posse,
1771 3335 1886 3408 quum
1914 3311 2020 3385 alind

326 3464 556 3565 deponatur,
581 3479 695 3562 atque
719 3460 822 3536 slind
847 3457 1105 3550 resorbentur,
1131 3475 1248 3558 patet.

237 3617 321 3682 stt.
487 3614 630 3688 Omnes
654 3614 833 3686 muman
866 3611 1071 3712 organicae
1103 3608 1375 3684 vicissitudinis
1404 3625 1443 3682 et
1465 3613 1824 3715 metamorphosinrn
1852 3613 2011 3704 modos,

326 3770 542 3867 quicunqne
575 3765 617 3838 in
649 3765 915 3867 experimentis
973 3765 1066 3838 mibi
1101 3763 1361 3854 occurrerint,
1411 3789 1515 3838 nunc
1543 3764 1680 3864 collegi
1704 3783 1742 3840 et
1767 3764 1932 3854 tradidi;
1946 3763 2016 3839 scd
2097 3737 2105 3750 ⁸

323 3936 467 3992 tantam
491 3917 617 4008 abest,
655 3934 698 3990 nt
731 3917 818 3992 illos
849 3917 1066 3990 exbansisse
1102 3917 1279 4005 credam,
1317 3931 1360 3988 nt
1408 3915 1537 4018 potius
1569 3917 1834 4008 indicaverim,
1894 3933 2003 3990 nstn·

319 4096 399 4146 ram
418 4070 624 4144 secundnm
644 4071 1124 4171 typum,simplicissimum
1148 4069 1310 4144 millenis
1334 4068 1457 4144 modis
1483 4067 1699 4145 conditioni
1725 4093 1818 4144 enee
1844 4093 2006 4170 organo·

325 4249 408 4298 rum
431 4221 666 4296 functionem
693 4221 899 4325 adaptare,
920 4239 960 4295 et
982 4247 1054 4324 pro
1078 4221 1152 4296 bac
1175 4219 1404 4296 modificare.

695 4405 1305 4544 (plnflammationis
1350 4418 1616 4511 theoria⁴
1654 4467 1658 4475 ·

230 4601 316 4668 388·
482 4587 666 4664 Omnibus
691 4591 1073 4694 metamorphosibus,
1109 4615 1208 4690 quae
1232 4592 1272 4662 in
1297 4607 1499 4692 systemate
1524 4591 1733 4688 sanguineo
1758 4592 1850 4664 milti
1876 4618 2004 4668 occur·

317 4759 465 4834 rerunt,
491 4742 747 4842 perlustratis,
774 4746 1006 4844 interrogor,
1047 4745 1139 4842 qnid
1168 4744 1314 4816 illarum
1337 4746 1439 4816 intro
1466 4743 1770 4816 inflammationis
1795 4743 1889 4817 fines
1913 4745 2013 4819 occi·

321 4895 501 4999 piendum
521 4893 604 4970 sit?
657 4865 735 4969 Sed
766 4897 844 4996 jam
878 4895 917 4968 in
948 4891 1105 4970 ex'ortlio
1138 4913 1319 4970 tractatus
1351 4905 1424 4968 mei
1459 4895 1508 4968 dc
1535 4895 1846 4988 inflammatione,
1881 4921 2013 4972 omnes

1492 5014 1535 5074 13
