4838 6192
1167 569 1213 632 di

511 747 683 845 Tandem
708 747 822 822 etiam
845 750 1016 848 sanguis,
1069 753 1135 851 qui
1160 751 1284 826 adbuc
1308 769 1498 845 moretm,
1525 771 1700 856 stagnare
1726 754 1864 855 eoepit.
2000 819 2005 828 .

254 970 339 1033 544.
505 951 648 1026 Ductus
673 951 815 1026 biliseri
837 978 1031 1054 nunquam
1055 982 1106 1028 ne
1133 955 1329 1055 vestigium
1354 953 1508 1056 quidem
1533 951 1742 1035 observari.

254 1175 341 1240 ³45.
507 1151 670 1224 Animali
695 1169 855 1244 mortno,
890 1179 1064 1228 rasorum
1096 1129 1331 1256 capillariam
1365 1155 1440 1229 alia
1472 1159 1657 1258 sanguine
1692 1176 1889 1256 stagnante
1922 1181 2029 1239 erant

240 1347 245 1356 ·
343 1323 496 1378 extensa
503 1359 515 1396 ‚
542 1303 616 1378 alia
641 1305 876 1378 acinulornm
900 1306 1146 1380 substantiam
1172 1309 1224 1381 ita
1261 1308 1485 1410 implebant,
1524 1327 1567 1383 nt
1591 1310 1700 1410 quasi
1724 1311 1866 1385 insulas
1891 1312 2031 1386 forma·

342 1427 448 1551 rent}
475 1459 548 1532 alia
572 1455 739 1532 resoluta
764 1483 848 1532 esse
873 1435 1117 1551 videbantur,
1144 1485 1260 1559 quum
1284 1485 1357 1536 neo
1384 1463 1496 1536 certis
1521 1460 1677 1551 linibus,
1703 1487 1776 1536 nee
1802 1461 1932 1538 colore
1955 1465 2033 1539 lae·

339 1628 381 1683 to
407 1607 634 1708 gauderent,
658 1609 729 1682 sed
755 1609 910 1684 maculis
934 1611 1062 1714 potius
1088 1612 1227 1684 similia
1252 1631 1394 1694 essent.
1444 1617 1548 1690 Haeo
1578 1639 1754 1688 rasorum
1787 1618 2031 1692 minimorum

339 1761 522 1836 resolutio
548 1787 570 1834 a
594 1759 730 1834 morbo
755 1760 841 1835 solo
864 1764 1010 1863 pendet
1015 1791 1029 1857 3
1070 1789 1159 1836 nam
1193 1791 1241 1838 eo
1274 1764 1511 1866 frequentior
1550 1785 1608 1840 est
1644 1785 1683 1840 et
1726 1767 1838 1841 latitas
1876 1786 2031 1867 regnat,

342 1939 419 2016 qno
444 1911 598 2028 morbus
622 1936 864 2014 praegressus
891 1934 972 1988 erat
993 1917 1156 2015 gravior.
1206 1916 1342 1990 Morbo
1368 1943 1458 1991 vero
1484 1919 1589 1991 nullo
1616 1920 1821 2012 exantlato,
1848 1947 1898 1994 ne
1922 1923 2032 1996 mini·
2110 1909 2122 1922 ’

344 2093 446 2140 munt
470 2065 624 2167 quidem
647 2089 713 2139 ras
736 2065 942 2140 resolutum
965 2067 1055 2140 ridi.
1113 2070 1213 2142 Vasa
1247 2070 1411 2168 majora,
1436 2093 1555 2144 venae
1581 2087 1619 2143 et
1643 2073 1822 2162 arteriae,
1849 2073 2032 2170 sangnine

342 2239 541 2322 stagnante
566 2239 675 2294 erant
699 2221 882 2314 insarotaj
916 2219 1077 2292 arteriae
1100 2218 1142 2289 in
1166 2215 1271 2292 nullo
1297 2246 1442 2320 organo
1465 2247 1540 2296 nee
1564 2225 1717 2297 animali
1741 2226 1924 2324 sangnine
1943 2242 2034 2325 post

342 2391 504 2448 mortem
528 2373 795 2467 inferciuntur,
822 2397 934 2474 qnam
958 2371 1000 2443 in
1025 2370 1177 2470 organis
1212 2373 1428 2447 secretariis
1452 2391 1492 2446 et
1523 2375 1564 2446 in
1589 2375 1812 2450 animalibus
1845 2375 2034 2450 inferiori·

340 2525 412 2600 bus
437 2555 471 2601 r.
499 2553 553 2626 gr.
582 2525 764 2601 oobitide.
915 2577 922 2584 -

253 2728 340 2812 840.
508 2725 551 2799 8ἰ
574 2725 763 2824 margines
787 2724 956 2824 hepatis,
983 2725 1138 2798 animali
1151 2726 1320 2818 virente,
1346 2751 1426 2798 non
1446 2743 1553 2798 eram
1577 2725 1691 2818 laesi,
1718 2727 1847 2800 omnia
1863 2752 1954 2800 rasa
1973 2753 2036 2802 ae·
2172 2826 2173 2830 Ἰ

339 2875 542 2977 quabiliter
565 2875 748 2974 sanguine
773 2855 973 2976 stagnante
998 2894 1107 2950 eram
1131 2877 1305 2976 impleta,
1332 2878 1400 2975 qui
1425 2877 1576 2950 canales
1603 2879 1642 2948 iu
1660 2877 1865 2950 insularum
1890 2876 2032 2997 lomes

337 3031 490 3132 saepius
515 3027 752 3102 extendebat.

248 3286 334 3351 aaz.
502 3255 538 3334 ὁ.
565 3253 964 3328 Observationes
991 3253 1039 3326 in
1065 3253 1198 3328 liene
1224 3281 1414 3330 murum.

347 3477 358 3487 -
502 3431 631 3506 Lienis
654 3430 842 3528 margines
867 3432 908 3504 in
933 3455 1038 3503 mure
1060 3427 1273 3530 pellucidae
1298 3433 1447 3523 inveni,
1473 3455 1571 3532 quos
1593 3431 1860 3524 vero‚snimali
1874 3433 2036 3526 virente,

338 3585 569 3686 perscrutari
591 3583 696 3658 nullo
720 3581 835 3657 modo
860 3582 978 3683 potui
1005 3581 1084 3656 Sed
1108 3582 1149 3653 in
1174 3580 1287 3674 liene,
1312 3583 1392 3658 sito
1415 3597 1688 3684 postmortem
1710 3607 1734 3655 e
1758 3607 1922 3686 corpore
1936 3583 2038 3658 erul-
2130 3633 2135 3640 -

339 3763 406 3826 so,
431 3719 625 3836 sauguinis
651 3734 910 3812 oscillationes
942 3735 1065 3810 adbae
1101 3734 1322 3836 superstites
1365 3735 1455 3812 ridi.
1506 3737 1609 3810 Vasa
1640 3735 1805 3834 majore,
1842 3759 1967 3810 -renae
2002 3753 2041 3810 et

340 3890 523 3980 amariae,
550 3891 732 3989 sanguine
757 3907 956 3992 stagnante
980 3905 1089 3964 erant
1112 3886 1300 3979 infarcta,
1326 3913 1416 3962 rasa
1440 3911 1532 3962 rero
1557 3885 1751 3986 capillaria
1773 3887 1902 3960 omnia
1918 3911 1964 3960 ex
1979 3887 2038 3962 lo·

342 4065 411 4132 eo,
451 4067 529 4141 qno
555 4043 606 4116 ad
630 4067 720 4120 rasa
739 4044 886 4143 majora
910 4059 998 4116 sunt
1022 4065 1192 4132 mum,
1233 4040 1401 4114 resoluta
1424 4056 1553 4132 eram,
1593 4057 1636 4114 ut
1671 4041 1733 4114 rix
1765 4041 1923 4139 uestigia
1944 4040 2037 4114 retis

342 4195 475 4298 ampli,
502 4194 607 4294 qnod
630 4193 866 4287 formabant,
887 4171 1158 4294 relinquerent.
1196 4193 1453 4293 Parenobyma
1480 4192 1637 4268 maculis
1661 4191 1872 4268 minoribns
1896 4209 1937 4264 et
1958 4215 2038 4264 ma·
2142 4271 2146 4280 ,

338 4348 513 4446 juribus,
538 4374 561 4420 a
584 4349 769 4448 sanguine
794 4347 966 4450 dbperso
993 4348 1108 4439 ortis,
1132 4361 1268 4422 seatet.
1320 4347 1402 4418 Hae
1426 4344 1596 4418 maculae
1620 4370 1669 4420 eo
1695 4341 1929 4439 diffusiores,
1954 4342 2038 4418 liri·

344 4500 477 4577 diores
504 4517 544 4574 et
566 4527 652 4576 euru
675 4501 990 4602 parenchymate,
1019 4499 1124 4573 omni
1147 4516 1299 4596 turgore
1317 4497 1461 4598 privato
1497 4513 1537 4570 et
1573 4494 1769 4600 squalido,
1801 4495 2036 4573 conduentes

343 4672 450 4746 sunt,
481 4681 559 4755 qno
585 4657 734 4756 gravior
757 4655 869 4730 lienis
893 4652 1045 4726 affectio
1069 4673 1291 4752 praegressa
1315 4666 1385 4723 est.
1460 4647 1619 4724 Leviora
1644 4648 1846 4723 allectione
1872 4645 2035 4724 nantia·

353 4809 552 4940 taqeopia
576 4809 792 4910 sanguinis,
845 4806 910 4908 qni
936 4805 977 4880 in
1005 4801 1298 4904 parencbymate
1330 4772 1468 4875 effusus
1506 4817 1582 4892 est,
1629 4801 1807 4892 increvit,
1859 4815 1899 4872 et
1920 4795 2034 4872 rubo·
2066 4903 2070 4910 .
