4800 6194
1151 623 1194 693 ll

340 809 475 908 thyma
494 805 620 906 ipsum
643 805 798 913 mutari,
835 820 1006 916 coustat3
1054 829 1144 881 uam
1187 803 1421 896 intumescit,
1447 803 1767 900 coloreminrluit
1796 806 2028 899 lividinem,

341 979 379 1036 et
402 959 569 1036 maedus
595 959 797 1036 contrahit.
830 1001 884 1018 -

268 1130 334 1212 49·
505 1141 548 1215 Si
588 1137 763 1216 omnibus
806 1137 962 1214 ucultis
999 1135 1238 1213 confusionis
1269 1137 1390 1214 turbis
1424 1157 1545 1216 totum
1598 1113 1921 1242 circmspicimus
1953 1169 2031 1216 rne-

338 1295 638 1397 tamorphosium
663 1317 849 1396 campum,
875 1292 952 1368 duo
978 1291 1209 1393 distinguere
1232 1291 1364 1366 licebit
1378 1309 1506 1367 strata.
1533 1295 1711 1380 Stratum,
1736 1296 1841 1394 quod
1865 1297 2030 1370 vulneris

339 1447 529 1550 margines
553 1446 725 1549 proxime
747 1447 885 1548 cingit,
909 1447 1100 1522 internum
1132 1445 1264 1520 vocari
1300 1459 1447 1548 potest,
1498 1471 1548 1522 eo
1584 1447 1754 1548 insigne,
1792 1450 1898 1549 quod
1928 1450 2033 1524 nulla

339 1602 585 1702 pristinorum
622 1599 775 1678 exhibet
812 1601 971 1704 vestigia
1009 1627 1183 1679 rasormu
1224 1598 1459 1702 maculisque
1504 1598 1744 1676 solummodo
1795 1617 1918 1677 scatet
1955 1601 2031 1676 dis·

246 1823 253 1834 .
334 1757 469 1856 persis.
536 1795 543 1812 ·

268 1957 326 2020 50.
496 1937 532 2010 A
554 1935 666 2038 loco,
707 1962 784 2035 quo
810 1961 901 2014 raso
931 1954 1139 2040 apparent,
1178 1953 1335 2012 stratum
1370 1953 1562 2012 externum
1593 1937 1800 2040 repetitur,
1846 1935 1951 2035 quod
1983 1935 2033 2010 ad

336 2090 698 2194 metamorphosim
720 2088 814 2168 fines
837 2090 1099 2196 periphericos
1123 2113 1246 2192 nsque
1265 2087 1531 2190 proficiscitur.

267 2373 324 2436 51·
367 2401 404 2420 ‚,
489 2360 816 2462 Metamorphoses
838 2387 941 2436 nunc
967 2361 1141 2460 exposui,
1168 2385 1279 2462 qnae,
1305 2359 1475 2434 omnium
1506 2359 1701 2436 vulnerum
1733 2361 1942 2460 marginem
1984 2363 2027 2434 in

335 2513 461 2590 stadio
487 2513 726 2590 confusionis
751 2531 996 2616 occupantes,
1023 2513 1165 2588 ambitu
1213 2513 1453 2589 solummodo
1479 2511 1658 2589 differunt
1691 2531 1730 2588 et
1754 2539 1929 2591 rusorum
1949 2515 2031 2615 dig·

333 2668 454 2744 nitate
480 2667 722 2746 offensorum.
819 2670 822 2678 '

500 2876 622 2976 Quam
648 2873 699 2948 ob
733 2899 815 2948 rem
854 2874 1048 2949 vulnerum
1082 2873 1266 2948 leviorum
1308 2889 1465 2946 stratum
1504 2871 1693 2944 internum
1731 2871 1924 2946 minimum
1958 2893 2027 2968 est,

241 3073 249 3084 ι
330 3049 420 3100 nam
442 3028 500 3098 rix
526 3027 673 3126 aliquot
706 3027 871 3100 extincta
904 3044 991 3101 sunt
1026 3053 1116 3103 rasa
1150 3023 1366 3127 capillaria;
1400 3022 1580 3098 increscit
1614 3047 1705 3098 vero
1744 3023 1785 3096 in
1826 3024 2029 3100 affectione

331 3180 504 3278 graviore
550 3179 711 3254 ambitus
737 3180 845 3254 strati
871 3179 1072 3255 interciet
1098 3182 1242 3255 externi
1268 3198 1506 3254 stratorum
1531 3179 1645 3279 copia
1666 3178 1788 3278 major
1814 3199 1853 3254 et
1877 3183 2029 3282 grandi·

330 3356 398 3405 ora
422 3357 513 3406 rasa
539 3333 790 3408 resolvuntur.
810 3334 897 3435 Quo
923 3336 1137 3408 extensiora
1162 3350 1250 3408 sunt
1274 3349 1408 3424 strata,
1433 3357 1481 3406 co
1506 3331 1626 3430 magis
1641 3331 1741 3404 inter
1754 3355 1796 3406 se
1815 3333 2025 3413 confluunt.

264 3555 321 3622 52.
492 3537 699 3614 Volucrum
725 3553 971 3613 contusorum
995 3533 1171 3612 conlusio
1199 3554 1283 3612 orta
1304 3563 1384 3612 nou
1406 3561 1565 3636 magnae
1598 3536 1698 3612 solet
1727 3563 1810 3612 esse
1837 3543 2026 3618 extensio·

329 3691 413 3780 nis,
464 3689 533 3764 sed
572 3707 611 3762 et
650 3691 839 3792 pessimae
894 3715 979 3766 csse
1032 3709 1161 3793 potest
1209 3689 1361 3766 indolis.
1391 3756 1396 3767 .
1432 3689 1476 3766 Si
1514 3692 1633 3792 partis
1676 3691 1846 3806 fabrico¹
1871 3697 2025 3794 penitus

329 3861 387 3917 est
411 3843 594 3936 resoluta,
637 3845 790 3919 necrosi
829 3844 1009 3934 traditur,
1056 3871 1130 3920 nec
1153 3845 1353 3920 ulteriores
1375 3843 1477 3919 subit
1493 3846 1817 3964 metamorphoses
1824 3874 1838 3942 3
1864 3875 2024 3947 —quae

327 4023 419 4072 vcro
445 3995 495 4070 ad
528 3999 647 4097 partis
678 4000 898 4074 necroticac
936 4001 1125 4100 margines
1157 3999 1339 4073 excolitur
1374 3999 1570 4094 confinio,
1610 3999 1769 4099 insignis
1814 4027 1897 4076 essc
1939 4030 2021 4076 non

329 4151 438 4224 solet.
493 4151 660 4224 Pessima
686 4169 763 4242 est,
791 4177 890 4256 quae
916 4151 1152 4258 inpartibus
1178 4155 1315 4246 oritur,
1343 4179 1500 4254 quorum
1532 4151 1678 4228 fabrica
1701 4151 1928 4254 profundius
1967 4167 2027 4228 est

287 4359 294 4368 ,
326 4303 441 4394 laesa,
469 4303 561 4403 quin
585 4305 635 4377 sit
660 4303 797 4378 deleta.

260 4479 321 4546 5³·
494 4486 537 4556 ln
563 4483 733 4558 cobitide
758 4508 932 4559 rasorum
956 4487 1140 4561 resolutio
1162 4487 1280 4562 multo
1307 4485 1455 4562 facilins
1481 4487 1680 4588 contingit,
1708 4513 1820 4589 quum
1853 4487 1891 4558 in
1915 4511 2023 4582 rana3

327 4664 403 4738 quo
417 4637 481 4730 tt,
507 4656 549 4711 ut
573 4655 730 4712 stratum
757 4641 945 4712 internum
971 4641 1084 4714 etiam
1109 4641 1149 4714 iu
1175 4641 1391 4716 vulneribus
1415 4641 1622 4716 levioribus
1647 4641 1801 4742 majoris
1826 4641 1876 4714 sit
1897 4657 2024 4714 exten·

327 4792 474 4886 sionis,
500 4817 615 4892 qnam
637 4793 678 4866 in
705 4819 808 4870 rano.
859 4799 968 4868 Tunc
994 4819 1085 4872 vero
1110 4796 1301 4886 maculae,
1342 4813 1628 4896 quiescerent,
1661 4797 1825 4898 majores
1863 4811 1951 4867 sunt
1984 4809 2023 4865 et

328 4939 486 5016 laetiore
513 4947 654 5025 tinctae
679 4947 823 5024 colore.
850 4947 1072 5024 lncobitide
1098 4949 1336 5025 confusionis
1358 4949 1491 5025 turbae
1509 4975 1594 5024 eum
1618 4975 1810 5050 nunquam
1825 4945 2023 5046 adtingunt

1035 5119 1059 5182 2
1086 5107 1107 5150 ἢ
