4848 6194
1172 589 1220 654 ct

806 773 1097 868 Murices
1143 773 1611 866 Ammonius·

255 942 340 1024 ¹94·
503 939 739 1040 Hastingsius
755 935 870 1010 multa
896 933 944 1009 de
970 935 1123 1010 actione
1146 933 1316 1012 muniatis
1332 935 1554 1010 Ammonias
1579 935 1620 1009 in
1646 933 1866 1012 membrana
1889 953 2036 1013 natato-

310 1081 313 1088 ’
338 1097 396 1169 ria
420 1093 590 1196 pericula
614 1091 717 1171 baud
740 1091 825 1194 pari
851 1115 936 1164 curn
959 1106 1095 1165 eventu
1122 1089 1300 1185 instituit,
1328 1053 1444 1194 quum
1468 1115 1557 1166 rasa
1581 1089 1696 1166 modo
1723 1110 1931 1187 conuecta,
1956 1113 2038 1172 rac·

339 1251 390 1324 do
419 1265 573 1324 extensa
596 1246 702 1322 vidit.
755 1244 861 1319 Idem
885 1243 955 1318 sub
982 1243 1284 1339 conditionibus,
1311 1272 1408 1347 quae
1434 1262 1660 1346 sequuntur,
1697 1244 1789 1322 mibi
1815 1247 1986 1348 contigit·

504 1425 664 1504 Muriate
688 1426 872 1501 Antoniae
899 1424 1108 1528 applicato,
1135 1445 1259 1503 motus
1285 1427 1478 1527 sauguinis
1503 1424 1755 1519 acceleratur,
1794 1428 1897 1502 unda
1920 1425 2037 1528 plena
2093 1499 2096 1506 ⁴

337 1559 559 1677 adducitur,
587 1599 625 1658 ct
648 1604 739 1655 rasa
763 1579 980 1656 tenduntur.
1031 1565 1204 1658 Arteriae
1228 1606 1318 1659 vero
1344 1608 1493 1684 semper
1516 1583 1653 1684 majori
1678 1580 1806 1682 gradu,
1833 1605 1946 1681 quam
1971 1605 2036 1656 rc·

331 1765 432 1832 nae,
456 1735 564 1813 tendi
589 1734 725 1812 solent.
774 1737 900 1811 Motus
924 1735 1108 1838 rapiditas
1135 1753 1173 1810 et
1196 1737 1383 1838 parietum
1408 1739 1533 1812 tensio
1566 1734 1765 1828 increscit,
1799 1734 1892 1809 licet
1924 1734 2032 1810 stric-

331 1911 435 1967 turas
457 1889 628 1992 'singulas
656 1887 810 1964 eximias
833 1915 912 1964 non
938 1887 1120 1985 viderim,
1143 1907 1183 1966 et
1207 1890 1248 1964 in
1275 1891 1439 1995 amplum
1466 1891 1702 1994 divulgantur
1728 1889 1936 1963 circuimm.
1975 1886 2033 1964 Si·

330 2045 406 2120 mul
431 2045 626 2144 sanguinis
652 2041 802 2120 indoles
826 2059 968 2118 mutata
998 2068 1082 2120 csse
1107 2043 1277 2139 uidetur,
1317 2045 1424 2148 cujus
1450 2069 1540 2121 vero
1564 2043 1863 2145 metamorphosi
1886 2041 2031 2117 descri-

330 2199 482 2274 bendae
508 2225 578 2300 par
603 2224 683 2274 non
707 2223 801 2271 sum.

242 2383 327 2466 195·
387 2487 390 2494 Ι
496 2377 641 2453 lnlluxu
667 2377 873 2462 continuo,
899 2403 973 2452 nec
998 2395 1122 2453 motus
1148 2403 1221 2454 nec
1244 2393 1421 2456 rasorum
1444 2377 1571 2454 tensio
1597 2378 1648 2453 ad
1671 2401 1847 2477 magnum
1874 2372 2032 2474 gradem

329 2534 582 2630 excoluntur,
609 2531 678 2608 sed
701 2556 773 2634 per
795 2530 952 2629 longum
967 2547 1113 2633 tempus
1135 2533 1415 2634 protrahuntur,
1440 2548 1481 2606 ct
1505 2533 1545 2604 in
1561 2532 1737 2608 latiorem
1762 2527 1943 2603 ambitum
1969 2552 2031 2602 ex·

323 2689 539 2809 tenduntur.
567 2689 755 2762 Vesorum
779 2685 904 2760 tensio
930 2685 1052 2782 primo
1078 2687 1246 2780 remittit,
1273 2704 1312 2762 et
1335 2686 1502 2790 parietes
1523 2685 1627 2761 c’nca
1650 2683 1791 2759 undam
1814 2683 2027 2784 parciorem

319 2841 467 2916 dilatati
490 2853 700 2914 remanent.
755 2841 852 2912 Tum
877 2839 992 2915 etiam
1017 2840 1170 2940 sanguis
1205 2839 1457 2938 inaequaliter
1487 2863 1557 2940 per
1582 2863 1671 2914 uasa
1707 2835 1962 2926 distribuitur,
1990 2823 2030 2908 et

322 2995 559 3099 motusipse
585 2991 987 3092 deniqueinacqualis
1021 2991 1075 3068 fit.
1137 2991 1332 3067 Postremo
1365 3008 1485 3066 states
1517 2991 1632 3082 binc,
1666 2988 1773 3064 illinc
1807 3004 2025 3088 emergunt,

322 3174 404 3226 non
431 3151 697 3240 cohaerentes,
722 3145 877 3223 minime
903 3145 1234 3248 circumscriptae,
1261 3162 1300 3219 et
1324 3141 1581 3247 subpallidae,
1607 3145 1710 3220 circa
1736 3167 1830 3243 quas
1856 3141 2025 3219 affectio·

323 3327 393 3392 nes
418 3299 619 3378 ulteriores
641 3298 749 3400 largo
775 3324 929 3403 sparsae
955 3317 1043 3377 sunt
1068 3298 1223 3376 ambitu.

1065 3503 1278 3522 ...ιιι-..ι-

355 3761 358 3767 ,
768 3629 1150 3746 Ammonio
1205 3650 1561 3744 caustico.

230 3815 315 3914 196·
480 3817 513 3892 J.
539 3813 793 3891 Th'omsonius
805 3869 818 3909 ,
845 3839 961 3916 quum
987 3839 1032 3888 er
1065 3813 1215 3892 actione
1239 3813 1463 3892 Ammonias
1488 3811 1679 3892 causticae
1701 3835 1791 3888 vasa
1815 3812 1988 3888 conuehi
1999 3867 2011 3906 ,

316 3973 575 4064 observasset,
599 3969 786 4046 tbcoriam
811 3968 859 4058 de
885 3967 1181 4044 inflammatione
1207 3967 1330 4045 activa
1354 3968 1445 4044 inde
1469 3967 1633 4070 repetiit.
1657 3967 1894 4072 Hastingsius
1918 3993 2008 4045 vern

313 4125 362 4204 ab
387 4125 588 4201 Ammonia
620 4147 711 4200 rasa
739 4148 821 4200 non
845 4123 1085 4210 solummodo
1110 4123 1305 4217 contrahi,
1332 4121 1402 4199 scd
1427 4120 1541 4200 etiam
1566 4124 1728 4226 expandi
1752 4147 1880 4228 posse,
1905 4123 2009 4217 vidit,
2103 4173 2105 4182 J

311 4283 373 4358 cui
398 4278 577 4357 assentio.

223 4487 307 4568 ¹9⁷·
477 4459 521 4534 Si
544 4455 746 4563 pauxillum
772 4457 995 4534 Ammonias
1017 4481 1135 4561 purae
1170 4457 1210 4532 in
1225 4457 1399 4536 arteriam
1424 4483 1491 4537 seu
1516 4480 1651 4535 renam
1679 4453 1799 4532 solam
1825 4455 2008 4560 impinge·

306 4617 408 4708 bam,
424 4629 547 4690 motus
566 4609 760 4715 sangoinis
775 4609 885 4688 valde
900 4610 1192 4708 accelerabatur,
1215 4637 1386 4690 vesorum
1397 4615 1562 4716 parietes
1580 4633 1723 4686 emme
1740 4608 2005 4703 tendebantur,

309 4789 348 4845 et
369 4725 511 4846 undam
534 4767 688 4872 plenam
712 4765 1029 4872 comprimebant.
1056 4767 1282 4854 ¹Stricturae
1306 4766 1385 4845 ridi
1410 4785 1534 4862 ortas,
1561 4791 1660 4869 quac
1684 4791 1735 4844 ns
1759 4767 1826 4843 uni
1850 4764 2004 4865 quidem

307 4922 462 5026 globulo
487 4922 587 5000 riam
611 4916 881 5000 concederent.
