4848 6194
1063 733 1068 738 Ι
1124 642 1129 656 ·
1182 591 1230 698 aa

522 825 578 897 Ex
606 845 695 898 raso
721 817 888 920 quotlam
913 799 1039 896 subito
1066 819 1209 924 globuli
1233 823 1379 924 aliquot
1403 824 1445 898 in
1465 825 1640 912 'carralem
1658 823 1831 900 obnrtum
1850 825 2054 904 ‹lellcctun-

359 997 432 1075 tur,
459 979 499 1054 in
527 999 639 1078 quem
664 973 835 1066 immissi,
860 973 974 1076 primi
998 975 1220 1053 retinentur.
1274 976 1353 1052 Sed
1378 977 1571 1078 sanguinis
1608 981 1816 1079 stagnantis
1842 981 2053 1076 columella,
2185 1051 2192 1070 ,

306 1143 317 1172 ‘
358 1131 407 1210 ab
420 1132 466 1206 iis
483 1127 669 1234 perculsa,
697 1127 806 1230 quasi
826 1125 867 1202 in
879 1127 1000 1202 undas
1020 1145 1223 1222 amovetur,
1248 1145 1288 1204 et
1311 1098 1569 1206 acolumcllae
1585 1133 1694 1234 apice
1714 1135 1893 1236 opposito
1906 1135 2058 1236 globuli·

360 1285 508 1386 aliquot
545 1286 624 1388 jam
652 1283 902 1360 resolvuntur.
953 1284 1042 1356 Mox
1072 1284 1175 1363 ,nori
1209 1283 1358 1384 priores
1402 1301 1612 1384 sequuntur
1649 1285 1802 1386 globuli,
1850 1287 1978 1364 denuo
2013 1315 2055 1366 se
2125 1293 2134 1306 ’

360 1441 402 1514 iu
428 1455 549 1514 etases
567 1398 825 1531 intrudentes,
843 1436 968 1510 donee
993 1437 1136 1538 impetu
1160 1435 1360 1512 subitaneo
1377 1464 1539 1532 omnem,
1566 1441 1631 1540 qui
1651 1457 1810 1542 stagnat,
1827 1446 2051 1544 sangninem
2109 1415 2118 1430 ι

242 1565 248 1572 ¹
351 1615 482 1668 secum
525 1591 717 1695 abripiunt
747 1607 786 1666 et
820 1589 1019 1666 devehunt.
1084 1593 1129 1664 In
1163 1587 1384 1682 columella,
1410 1608 1516 1666 motu
1542 1610 1728 1696 correpta,
1771 1595 1951 1672 citissime
1970 1597 2051 1698 glo·

349 1743 566 1824 buliiternm
591 1761 797 1848 emergunt,
824 1742 955 1845 quiin
981 1741 1163 1818 circulum
1185 1740 1418 1818 reducuntur
1442 1741 1668 1844 generalem.

263 1989 350 2054 ¹¹⁵·
517 2009 642 2112 Saepe
666 2009 758 2087 re'ro
784 2007 936 2103 eccidit,
961 2026 1005 2085 ut
1029 2007 1184 2100 canalis,
1211 2008 1278 2110 qui
1302 2008 1419 2085 stasin
1445 1986 1629 2102 continet,
1654 2011 1854 2090 intercisus
1891 2015 1951 2106 sit,
1978 2039 2051 2088 neo

229 2231 232 2255 ,
349 2185 437 2236 eum
478 2164 614 2240 ceteris
654 2163 815 2266 emplius
849 2165 1066 2254 cohaereat.
1115 2169 1223 2238 Tune
1247 2162 1409 2263 globuli,
1451 2164 1502 2240 etl
1527 2167 1675 2269 apicem
1719 2192 1840 2268 usquc
1864 2165 2050 2270 {proiecti

347 2313 390 2388 in
414 2285 674 2416 parenchyma
695 2316 842 2392 irrisum
853 2368 866 2411 ,
892 2317 998 2418 quod
1022 2317 1264 2410 insudantes,
1308 2319 1386 2393 cito
1418 2342 1557 2393 noram
1587 2319 1663 2394 sibi
1703 2339 1841 2423 parunt
1876 2323 1959 2416 iter,
2000 2338 2049 2414 et,

345 2465 396 2544 ud
421 2466 594 2542 emulum
618 2467 773 2544 tandem
798 2468 990 2569 vendam
1014 2470 1183 2565 advecti,
1232 2472 1287 2546 ibi
1321 2472 1549 2550 inosculaut.
1609 2469 1775 2568 Globuli,
1819 2474 1908 2550 dum
1948 2476 2046 2552 riam

343 2619 420 2698 sibi
445 2637 643 2722 quaeruut,
668 2639 751 2696 uon
769 2637 877 2698 recto
903 2648 1053 2730 semper
1076 2627 1226 2701 tramite
1249 2589 1492 2729 proserpunt.

254 2883 338 2967 116.
507 2881 740 2986 Saepissime
768 2908 859 2963 vero
883 2884 936 2979 lit,
961 2901 1004 2960 ut
1028 2885 1173 2987 globuli
1198 2903 1336 2988 sponte
1361 2911 1385 2961 e
1409 2911 1498 2962 rasa
1524 2887 1692 2988 quodam
1723 2889 1761 2962 in
1787 2893 2045 2994 perenchyma

341 3055 602 3144 prorumpant.
652 3039 759 3117 Unus
785 3038 847 3116 rel
870 3037 948 3113 duo
972 3041 1086 3142 primi
1109 3039 1330 3146 prosiliunt,
1382 3039 1449 3142 qui
1480 3041 1552 3115 iter
1579 3057 1823 3142 quaerentes,
1861 3067 1977 3144 saepe
2003 3044 2043 3118 in

336 3193 633 3296 pareuehymetc
656 3194 869 3272 retinentur
880 3223 893 3292 3
919 3195 989 3271 sed
1016 3193 1153 3306 eodem
1173 3195 1325 3270 tramite
1350 3219 1437 3270 mor
1463 3193 1528 3268 alii
1555 3193 1771 3290 adveniunt,
1798 3197 1865 3298 qui
1881 3197 2037 3274 ulterius

338 3349 533 3452 progressi
560 3365 599 3422 et
621 3373 692 3452 per
716 3347 894 3448 ambages
920 3347 1080 3440 desecti,
1108 3347 1158 3422 ad
1183 3348 1287 3422 aliud
1312 3347 1478 3449 denique
1505 3347 1700 3452 appellant
1735 3373 1800 3448 ras
1826 3349 2039 3448 formatum,

338 3519 385 3582 ut
405 3499 635 3581 inosculent.
686 3493 859 3594 canulis,
885 3499 1092 3576 uerissime
1115 3517 1292 3602 paratus,
1317 3501 1449 3601 paucis
1476 3518 1515 3574 et
1538 3502 1632 3575 raris
1656 3502 1780 3601 primo
1805 3507 2037 3606 percurritur

251 3631 515 3756 ¹¹²·globulis,
533 3679 695 3756 quorum
708 3623 887 3729 uumerus
903 3679 992 3728 mox
1015 3669 1184 3753 augetur.
1210 3652 1282 3728 Hic
1297 3677 1471 3728 rasorum
1483 3649 1619 3728 modus
1634 3651 1918 3732 formandorum
1934 3659 1974 3732 iu
1992 3661 2039 3736 iis

337 3809 586 3912 processeris
604 3767 815 3886 admittitur
836 3805 1066 3901 uulneribus,
1074 3770 1254 3908 ‚quorum
1267 3819 1422 3882 suatum
1441 3823 1640 3882 externum
1655 3783 1794 3909 paucis
1810 3809 2034 3917 instructum
2135 3855 2146 3872 =

336 3977 396 4037 est
423 3959 646 4038 oollumellis
671 3963 787 4039 certis
810 3979 852 4038 et
875 3961 1182 4063 circumscriptis,
1208 3977 1248 4036 et
1271 3931 1361 4037 ideo
1377 3961 1418 4036 in
1442 3959 1613 4038 cobitido
1638 3985 1683 4037 ae
1695 3961 1911 4041 vulneribus
1924 3992 2035 4068 prac-
2138 4003 2144 4011 ·
2179 4055 2183 4064 Ι

336 4115 476 4219 gressis
502 4113 738 4219 gravioribus
762 4115 1001 4226 potissimum
1024 4111 1231 4218 perficitur.
1311 4127 1314 4132 “
1970 4079 1972 4084 ¹
2043 4096 2048 4104 ”

249 4453 331 4520 m,
361 4428 364 4433 ⁴
501 4405 540 4503 e)
565 4403 663 4480 Vasa
688 4399 817 4506 omnia
839 4401 883 4478 iu
910 4399 1194 4481 mnasonem
1219 4397 1434 4507 generalem
1458 4399 1704 4506 recipiuntur.

499 4665 613 4759 Vasa,
638 4665 679 4741 in
705 4678 824 4741 strato
848 4681 1003 4741 externo
1038 4664 1224 4760 restituta,
1258 4659 1441 4741 adsumi
1482 4662 1623 4740 interni
1658 4661 1865 4765 marginem
1905 4687 2026 4772 usque

333 4835 575 4922 proserpunt,
601 4815 652 4895 atl
675 4843 789 4922 qoem
816 4819 929 4897 etiam
951 4817 1156 4898 rivulorum
1182 4841 1327 4895 cornua
1353 4815 1554 4898 accedunt.

1153 4991 1179 5056 4
