4800 6194
1231 573 1282 657 26

191 857 194 864 Ι
325 761 400 841 119·
431 751 437 759 ’
570 779 742 856 Tandem
769 803 838 856 ras
862 777 1055 882 quoddam
1088 803 1112 854 a
1147 803 1268 855 cornu
1308 776 1421 894 rivuli
1458 780 1639 880 tangitur,
1670 783 1712 858 in
1754 813 1868 890 quem
1908 815 2103 876 momento

404 935 514 1012 citius
538 959 582 1010 ex
607 961 697 1010 vase
732 932 875 1036 globuli
919 931 1179 1010 deflectuntur.
1240 935 1285 1008 ln
1312 931 1472 1008 rivulum
1513 934 1748 1036 invadentes,
1783 944 1923 1044 omnis,
1964 949 2102 1050 quibua
2201 1035 2207 1042 ,

403 1107 617 1184 occumunt,
643 1089 799 1191 panda
825 1085 954 1165 secum
979 1087 1183 1190 abripiunt,
1209 1104 1249 1162 et
1274 1088 1493 1192 oppositum
1515 1107 1651 1194 petunt
1676 1119 1808 1194 cornu,
1838 1099 1941 1176 unde
1967 1103 2007 1178 in
2032 1117 2102 1208 pa.

302 1259 307 1264 “
401 1247 604 1346 renohyma
616 1245 832 1348 prosiliunt,
859 1244 963 1346 qnod
977 1243 1110 1322 leviter
1135 1259 1173 1317 et
1193 1241 1271 1320 cito
1296 1245 1542 1346 trajicientes,
1568 1248 1610 1324 in
1634 1273 1701 1328 tas
1726 1251 1921 1354 quoddam
1944 1255 2099 1336 obvium

400 1399 587 1516 incidunt.
642 1397 837 1476 Glebulas
875 1401 1020 1500 primos
1044 1427 1132 1476 mor
1163 1397 1230 1474 alii
1268 1416 1488 1500 sequuntur,
1519 1417 1559 1478 et
1593 1402 1661 1476 teli
1702 1403 1821 1482 modo
1860 1409 2014 1505 rivulus,
2055 1415 2097 1488 in

397 1571 644 1649 rasmutatua,
669 1580 771 1630 nuno
786 1553 827 1628 in
843 1553 1132 1634 circulationem
1144 1552 1359 1660 generalem
1371 1570 1548 1660 receptus
1565 1573 1634 1634 est.
1659 1557 1754 1636 Tale
1769 1583 1847 1657 ras,
1870 1586 1972 1640 nore
1982 1507 2091 1664 para·

314 1693 485 1803 ¹²⁰·tum,
513 1710 627 1786 etiam
651 1709 979 1812 aliisrecipiendis
1010 1727 1067 1786 est
1088 1737 1169 1814 par.
1195 1707 1321 1788 Riruli
1344 1733 1436 1785 nero
1461 1735 1543 1787 non
1570 1711 1733 1790 eundem
1759 1737 1909 1817 semper
1933 1720 2092 1798 evoluti·

395 1865 494 1957 onis,
521 1867 614 1966 quin
639 1864 884 1966 abripiuntur,
900 1864 1111 1974 adtingunt
1137 1864 1313 1965 gradum,
1338 1889 1439 1958 nam,
1479 1821 1595 1966 quum
1628 1890 1718 1942 vasa
1742 1868 1881 1962 'ticina
1917 1868 2094 1974 globulos

395 2019 566 2096 emittere
592 2019 729 2113 solent,
756 2015 913 2122 globuli,
939 2019 1127 2092 tramitem
1153 2035 1391 2118 quaerentes,
1417 2016 1597 2094 facillime
1618 2017 1825 2100 interstitio
1866 2049 1934 2099 seu
1972 2028 2094 2105 rivulo
2200 2109 2217 2118 ,

392 2173 617 2276 imperfecto
643 2191 858 2268 occurrunt,
887 2199 985 2274 quae
1008 2197 1140 2250 secum
1165 2169 1409 2290 abripientes,
1434 2195 1505 2274 per
1529 2169 1664 2273 longas
1689 2197 1806 2278 saepe
1831 2176 2012 2282 ambages
2052 2185 2093 2258 iu

388 2301 567 2410 circulum
591 2327 778 2405 reducunt
802 2327 1028 2428 generalem.

307 2559 387 2622 121.
484 2589 489 2598 ,
555 2511 697 2588 Omnes
723 2532 899 2585 rasorum
924 2501 1210 2582 formandorum
1258 2506 1395 2584 modos
1419 2530 1522 2582 nunc
1562 2487 1889 2610 descripsi-quos
1926 2513 2091 2592 brevite„

386 2659 569 2773 repetam.
702 2639 704 2644 ,

488 2865 494 2876 ’
551 2847 595 2946 o)
621 2841 783 2944 Sanguis
809 2839 848 2914 in
874 2857 992 2915 strato
1019 2839 1171 2916 interno
1197 2839 1238 2914 iu
1264 2838 1476 2917 interstitiis
1502 2857 1542 2916 et
1563 2837 1694 2918 ritulis
1702 2843 1871 2945 propriis
1886 2844 2084 2934 formatur.

550 3027 591 3126 b)
616 3027 718 3101 Vasa
744 3018 879 3096 obruta
905 3045 928 3092 a
963 3037 1072 3120 tergo
1098 3044 1122 3095 a
1147 3017 1313 3120 globulis
1334 3018 1606 3098 simulantibus
1631 3019 1880 3123 abripiuntur.

552 3207 589 3300 c)
615 3199 770 3280 Globuli
796 3225 819 3274 a
843 3215 947 3300 tergo
964 3198 1004 3272 in
1027 3201 1282 3302 parsnchyma
1302 3197 1457 3306 irruunt,
1485 3200 1524 3272 in
1542 3225 1619 3302 quo
1635 3221 1875 3304 proserpunt,
1904 3205 2027 3284 donea
2039 3210 2090 3286 ad

381 3367 584 3442 formatum
607 3355 802 3460 adpellant
826 3377 905 3430 ras.

546 3533 832 3638 d)llirulorum
857 3558 1001 3611 cornua
1023 3557 1089 3608 ras
1117 3530 1558 3634 adtingrmt'formatum‚
1586 3555 1629 3610 ex
1670 3557 1751 3634 quo
1777 3534 1953 3638 globulos
1987 3543 2082 3616 reci.

379 3703 541 3806 pientes,
568 3698 609 3770 in
634 3688 817 3770 circulum
832 3687 1058 3788 generalem
1084 3687 1330 3764 devehuntur.

545 3901 587 4002 e)
617 3896 784 3988 Globuli,
810 3918 832 3967 e
859 3891 1054 3970 canalibus
1080 3911 1217 3996 sponte
1244 3893 1384 3985 emissi,
1420 3894 1461 3968 in
1492 3891 1634 3970 rivulos
1667 3910 1706 3970 et
1744 3896 1947 4000 interstitia
1980 3883 2076 4002 plus,

379 4062 501 4138 minus
528 4053 677 4133 exedra
711 4047 898 4140 incidunt,
925 4071 1024 4150 quae
1051 4047 1299 4152 abripiuntur.
1431 4051 1434 4060 ’

295 4261 374 4326 122.
541 4236 602 4312 Ad
628 4228 796 4310 omniunt
818 4227 1014 4305 vulnerum
1037 4227 1226 4330 margines
1242 4227 1324 4306 fere
1351 4251 1483 4305 omnes
1516 4229 1626 4304 simul
1655 4247 1876 4306 exercentur
1900 4195 2076 4308 nasorum

378 4391 616 4474 formationis
641 4381 838 4480 methodi,
869 4379 941 4458 sed
966 4398 1031 4458 aut
1054 4381 1149 4458 baec
1174 4400 1238 4458 aut
1262 4383 1327 4459 illa
1350 4381 1471 4484 magis
1498 4383 1689 4458 exeolitur.
1735 4401 1739 4408 ·

540 4601 586 4671 In
619 4589 790 4672 oobitide
823 4612 1000 4666 vasorum
1033 4615 1079 4666 et
1119 4593 1413 4696 parenehymate
1440 4589 1618 4668 formatio
1643 4587 1902 4694 imperfectius
1937 4615 2073 4692 proce·

376 4755 432 4833 dit
439 4781 452 4851 3
479 4752 587 4854 (nam
610 4747 720 4826 rimrli
744 4745 869 4822 minus
895 4763 983 4822 sunt
1007 4721 1291 4858 circumscripti,
1319 4736 1355 4820 in
1382 4745 1536 4848 longum
1570 4747 1728 4839 extensi,
1772 4745 1896 4824 minus
1931 4747 2074 4820 canati

373 4927 413 4985 et
437 4903 733 5009 irregulariores,
760 4925 874 5004 quam
894 4899 936 4977 in
976 4900 1101 5000 rane).
1153 4901 1340 4980 Vesorum
1376 4910 1467 4978 tero
1510 4897 1688 4976 formatio
1715 4895 1871 5000 a-tergo
1894 4898 2072 5000 frequen·
2109 4957 2112 4964 .
