4838 6192
1168 516 1275 624 ⁸104

385 752 508 855 guinis
534 749 678 851 globuli
703 739 926 826 arteriosum
950 722 1111 821 induunt
1136 746 1404 854 characterem,
1423 749 1470 823 ‘et
1495 752 1746 854 perenchyma
1772 772 1907 854 turget,
1944 757 2075 832 Febris

382 905 424 980 in
447 905 522 979 hoc
547 902 670 978 stadio
694 904 817 1006 primo
849 902 1006 976 retineri
1029 918 1165 1004 potest.
1219 903 1261 975 Si
1287 919 1408 976 autem
1433 901 1590 978 ulterius
1608 903 1882 1006 proficiscitur,
1911 910 2072 993 circulus
2286 995 2293 1010 ,

302 1111 307 1117 -
379 1056 573 1157 sanguinis
598 1083 678 1132 non
703 1055 936 1141 solummodo
961 1081 1042 1128 non
1066 1054 1294 1149 retardatur,
1320 1055 1390 1130 sed
1414 1057 1491 1132 imo
1515 1058 1794 1159 praecipitatur
1815 1077 1853 1134 et
1888 1062 1937 1137 ad
1961 1063 2073 1140 finem

220 1301 223 1308 ι
315 1307 322 1324 ⁸
377 1235 509 1320 usquc·
523 1210 625 1286 baud
651 1209 892 1286 imminuitur.
930 1207 1055 1282 Unda
1080 1233 1169 1283 vero
1198 1210 1390 1309 sanguinis
1415 1209 1528 1306 plena
1558 1239 1644 1287 mox
1681 1193 1915 1308 amandetur,
1949 1219 2084 1325 minor¹

377 1364 575 1462 minorque
600 1363 662 1456 lit,
686 1364 812 1438 donec
837 1361 917 1436 fere
943 1363 1098 1464 expiret.
1123 1363 1289 1437 Parietes
1314 1387 1488 1438 vasorum
1506 1362 1655 1438 demum
1680 1363 1831 1440 flaccidi
1846 1365 1949 1444 fiunt.
1976 1367 2070 1443 San·

377 1502 509 1616 guinis
526 1541 616 1590 vero
646 1533 684 1590 et
707 1516 1009 1618 perenchymatis
1032 1515 1180 1590 indoles
1200 1516 1453 1592 diversissimo
1479 1517 1591 1593 modo
1619 1515 1668 1626 ad
1694 1515 1989 1596 destructionem
2009 1549 2070 1596 us·

377 1693 452 1768 que
477 1648 660 1747 mutatur,
702 1636 822 1748 Morte
846 1649 1000 1744 taudem
1024 1669 1264 1760 imminente,
1308 1669 1500 1768 sanguinis
1527 1669 1687 1744 circulus
1715 1645 1983 1770 aliquantulum
2008 1701 2067 1748 re·

277 1797 282 1804 ⁴
373 1819 559 1910 tardatur,
591 1837 629 1892 ct
652 1818 762 1894 valde
787 1820 1044 1922 perturbatur,
1080 1821 1183 1894 unda
1207 1823 1400 1922 sanguinis
1429 1823 1591 1923 expirat3
1617 1847 1789 1896 rusorum
1821 1828 1984 1926 parietes
2009 1845 2064 1902 tc·

372 1975 526 2050 naiores
552 1973 789 2067 dilabuntur,
812 1992 850 2046 et
865 1974 1015 2096 sanguis
1042 1990 1156 2072 atque
1181 1975 1434 2074 parcnclryma
1459 1974 1710 2049 destruuntur.

285 2156 374 2230 tte.
536 2155 857 2254 Metamorphoses
891 2151 931 2223 in
967 2150 1132 2242 itineris,
1164 2153 1279 2250 ¹quod
1298 2151 1528 2258 perficiunt,
1564 2151 1734 2254 quolibet
1764 2155 1883 2254 gradu
1907 2157 2064 2231 retineri

373 2325 542 2414 possunt.
595 2309 676 2382 Neo
701 2306 910 2409 systematis
938 2307 1135 2406 sanguinei
1158 2331 1317 2406 organa,
1346 2295 1434 2380 dum
1457 2305 1580 2406 stadie
1591 2306 1818 2406 transigunt,
1846 2326 1983 2381 cuncta
2003 2334 2065 2383 ea·

375 2461 461 2536 dem
496 2419 716 2535 conditione
749 2459 1064 2575 progrediuntur,
1105 2486 1234 2535 verum
1271 2457 1386 2534 modo
1416 2445 1610 2556 sanguinis
1647 2457 1777 2531 circuli
1816 2458 2063 2551 acceleratio,

214 2655 218 2666 =
335 2705 340 2718 ,
372 2611 488 2714 modo
521 2621 694 2687 rasorum
722 2613 908 2712 parietum
928 2614 1072 2706 tensio,
1098 2614 1213 2690 modo
1241 2611 1434 2712 sanguinis
1458 2609 1801 2711 undaeplenitudo
1828 2590 1954 2710 magis(
1971 2635 2063 2710 prae

217 2768 224 2785 '
341 2837 345 2846 ,
373 2765 508 2838 ceteris
540 2732 731 2839 ercolitur.
783 2765 942 2838 Maxime
970 2747 1060 2840 reto
1081 2749 1282 2864 sanguinis*
1303 2782 1342 2838 et
1364 2763 1667 2865 pareucbymatis
1699 2763 1847 2839 indoles
1875 2765 1913 2836 in
1942 2765 2061 2838 diver·

370 2918 423 2993 sis
463 2915 631 2992 febribus
658 2903 863 2992 tariantrir.
913 2919 1269 3020 Metamorphosium
1303 2917 1425 2994 stedia
1461 2917 1576 2992 modo
1610 2917 1738 3010 citius,
1775 2916 1886 2992 modo
1919 2917 2061 2992 tardius

370 3072 598 3145 inducuntur
631 3086 669 3141 et
693 3095 734 3141 sc
764 3071 1024 3166 insequuntur.

281 3253 367 3319 415.
470 3265 475 3276 ’
534 3252 667 3323 Miram
685 3267 723 3321 et
740 3231 967 3345 singularem
987 3247 1105 3322 febris
1140 3266 1177 3322 et
1198 3246 1439 3322 inflammatio
1473 3249 1571 3323 inter
1596 3273 1636 3322 se
1659 3255 2057 3332 servantrelationem.

367 3407 487 3496 Unius
508 3388 709 3506 processus
738 3391 825 3475 sun‘t
849 3397 1041 3495 membra,
1093 3398 1334 3474 inflammatio
1365 3401 1466 3474 enim
1491 3403 1599 3501 qnasi
1633 3405 1865 3482 continuatio
1894 3423 1931 3479 et
1956 3405 2058 3480 basis

368 3561 487 3635 febris
519 3575 588 3633 est.
628 3535 809 3665 'Quando
846 3551 975 3648 ,febris
1016 3553 1147 3648 adest,
1190 3539 1430 3628 inflammatio
1485 3572 1549 3630 eut
1593 3555 1702 3628 simul
1735 3557 1869 3630 adesse
1894 3575 1958 3631 aut
1984 3557 2057 3634 sal.-

368 3733 445 3808 tem
460 3711 624 3785 adfuisse
649 3707 779 3781 debut.
824 3697 960 3778 ¹Febris
986 3707 1086 3779 enim
1113 3732 1157 3780 ex
1179 3707 1310 3780 eodem
1331 3707 1418 3782 foco
1439 3694 1609 3808 profecta
1635 3725 1703 3800 cst,
1730 3734 1776 3784 oc
1796 3695 2035 3784 inflammatio
2042 3736 2055 3803 3

367 3867 463 3938 hacc
496 3860 742 3956 tero3focum
774 3859 897 3933 adhuc
931 3877 1109 3960 occupat,
1151 3860 1240 3932 dum
1270 3859 1391 3935 febris
1420 3861 1459 3933 in
1492 3860 1710 3962 peripheria
1741 3878 1887 3960 regnat.
1940 3863 2056 3960 Igitur

367 4014 478 4092 simul
500 4013 618 4089 febris
644 4031 681 4086 et
702 4012 949 4084 *inflammatio
970 4010 1125 4098 adsunt,
1150 4011 1220 4086 sed
1244 4015 1358 4087 variis
1381 4013 1660 4088 conditionibus
1685 4014 1786 4117 inter
1811 4038 1853 4088 se
1879 4015 2053 4113 gaudent.

181 4299 186 4304 ,
280 4207 364 4291 410.
530 4193 834 4269 inflammationis
871 4189 997 4283 focus,
1031 4191 1133 4265 circa
1149 4217 1261 4292 quem
1284 4191 1401 4268 febris
1423 4211 1587 4296 expansa
1611 4207 1685 4281 est,
1713 4189 1854 4264 ambitu
1880 4193 2053 4267 minimus

293 4401 295 4406 -
368 4377 436 4427 seu
457 4351 636 4424 maximus
656 4371 742 4420 csse
753 4399 764 4438 ,
793 4362 831 4420 et
861 4341 1103 4418 inflammatio
1124 4345 1225 4454 ipsa,
1246 4371 1349 4446 ¹quae
1370 4348 1411 4442 in
1432 4345 1517 4422 soco
1543 4343 1663 4448 morbi
1682 4342 1808 4433 sedet,
1836 4344 1953 4415 autin
1975 4346 2075 4444 pri--
2138 4389 2145 4400 ·

371 4504 444 4578 mis
463 4497 818 4602 metamor-phocium
837 4496 970 4572 stadiis
994 4514 1059 4572 aut
1079 4477 1121 4570 in
1143 4497 1282 4572 ultimis
1308 4499 1449 4574 versari
1470 4517 1606 4600 potest.
1660 4500 1700 4572 Si
1726 4499 1966 4575 inflammatio
1985 4477 2063 4576 ιιιὶ-μ

243 4676 248 4720 5
282 4755 287 4762 ¹
359 4656 469 4762 ,nima
494 4671 532 4727 ct
555 4649 743 4728 levissima
767 4667 842 4743 est,
869 4651 1017 4750 saepius
1041 4650 1099 4742 lit,
1125 4669 1170 4724 ut
1191 4649 1269 4726 scre
1291 4651 1417 4728 letcat.
1471 4651 1549 4736 Sed
1571 4651 1812 4728 inflammatio
1835 4655 1947 4728 etiam
1970 4681 2051 4756 gra·

364 4811 516 4886 sissima
537 4825 576 4882 et
599 4805 814 4907 longissime
834 4801 1006 4915 prolecto
1033 4827 1116 4878 esso
1140 4808 1282 4906 potest,
1310 4804 1402 4906 quin
1422 4831 1558 4906 magua
1581 4807 1739 4908 stipetur
1766 4803 1883 4880 febre.
