4800 6194
1246 601 1291 668 58

400 814 526 910 'motu
542 795 732 898 inaequali
755 793 1006 898 perturbatur.
1063 788 1218 869 Globuli
1245 789 1318 894 ipsi
1350 769 1477 892 magis
1500 793 1694 894 magisque
1723 795 1821 870 inter
1857 823 1897 871 se
1932 797 2114 902 congluti-

418 967 568 1045 nantur,
593 952 781 1052 margines
809 947 1018 1052 deponunt,
1044 948 1206 1026 interae
1232 943 1437 1042 confluunt,
1454 963 1492 1021 et
1507 947 1635 1023 colore
1661 949 1855 1050 tinguntur
1881 949 2110 1030 obscuriore.

342 1154 346 1161 -
415 1106 672 1208 Parenehyma
696 1105 815 1205 magis
840 1122 977 1206 turget.

209 1299 210 1302 ’
333 1281 410 1376 104,
580 1288 618 1387 b)
647 1291 692 1360 In
719 1285 920 1362 affectione
946 1309 1110 1386 expansa
1134 1283 1227 1382 (rid.
1253 1284 1332 1384 Fig.
1360 1282 1427 1382 50)
1467 1301 1591 1358 motus
1615 1285 1770 1386 rapidus
1796 1305 1956 1390 perstat,
1983 1289 2108 1364 undae

414 1470 502 1518 vero
528 1445 706 1540 minuties
732 1442 842 1517 valde
858 1405 1042 1550 augetur,
1070 1455 1108 1512 et
1132 1401 1155 1512 a
1181 1437 1367 1512 canalium
1383 1438 1502 1512 latere
1529 1440 1638 1540 quasi
1650 1438 1851 1534 recedens,
1879 1441 1918 1512 in
1944 1443 2109 1516 medium

411 1597 563 1692 luminis
591 1613 725 1702 coacta
758 1621 843 1708 esse
876 1593 1037 1670 ridetur.
1087 1589 1314 1703 Distributio
1344 1591 1538 1692 sanguinis
1571 1565 1782 1692 inaequalis
1822 1595 1960 1681 orium,
1996 1622 2108 1696 quarn

411 1777 497 1824 mox
524 1752 637 1825 etiam
662 1767 785 1824 motus
812 1747 1060 1849 inaequalitas
1087 1745 1267 1846 sequitur.
1321 1743 1458 1818 Turbis
1494 1761 1616 1819 motus
1644 1763 1683 1819 et
1717 1745 1995 1822 distributionis
2021 1774 2106 1820 san·

409 1905 532 2002 guinis
559 1930 709 2008 semper
734 1906 873 1996 auctis,
900 1903 962 1994 fit,
989 1882 1145 1975 ut'rasa
1169 1897 1363 2001 capillaria
1387 1865 1502 1976 modo
1528 1925 1550 1972 a
1577 1897 1739 2002 globulis
1765 1865 1982 1999 sanguineis
2002 1901 2105 1974 iriae-

408 2056 588 2156 qualiter,
616 2076 674 2132 ast
698 2059 830 2159 rapide
857 2071 1143 2157 percurrantur,
1177 2053 1293 2130 modo
1325 2053 1477 2155 penitus
1510 2071 1754 2148 evacuentur,
1789 2053 1905 2128 modo
1942 2029 2104 2131 stasihus

405 2209 550 2306 lividis,
577 2210 674 2284 male
702 2177 994 2311 circumscriptis
1005 2213 1060 2300 [et
1086 2207 1265 2310 dispersis
1292 2206 1530 2310 impleantur.
1556 2209 1742 2284 Vesorum
1758 2210 1946 2316 parietum
1972 2209 2104 2284 dilata·

399 2327 459 2438 fio
489 2365 528 2436 in
564 2363 833 2439 flacciditatem
865 2361 1012 2436 transit.
1063 2361 1320 2462 Parenehyme
1352 2361 1535 2436 tumidum
1569 2379 1722 2460 turgore
1753 2363 1872 2461 magis
1908 2363 2103 2464 magisque

404 2518 572 2619 privatur
579 2572 591 2609 ‚
610 2534 648 2590 et
664 2517 777 2590 sicuti
793 2512 936 2617 globuli
951 2515 1150 2614 sanguinei
1164 2511 1304 2590 indolis
1319 2505 1567 2591 mutationem
1585 2517 1779 2622 propriam
1796 2479 1924 2590 subire
1941 2515 2101 2594 ridetur.
2217 2599 2219 2602 ,

288 2788 289 2792 ¹
321 2661 412 2786 ¹05·-
473 2666 480 2679 '
569 2695 621 2799 a)
642 2696 814 2772 Stadium
840 2715 1003 2810 staseos,
1031 2698 1073 2791 a)
1101 2698 1142 2769 in
1169 2693 1371 2771 allectione
1396 2697 1538 2800 topica.
1566 2693 1670 2793 (Vid.
1694 2695 1774 2796 Fig.
1797 2703 1882 2794 ¹51.)

539 2875 737 2954 «Tandem
760 2893 883 2953 motus
911 2877 1104 2977 sanguinis
1121 2877 1160 2950 in
1186 2876 1285 2951 rasis
1311 2875 1552 2978 capillaribus
1580 2895 1618 2953 et
1641 2879 1747 2954 renis
1770 2879 1923 2979 penitus
1950 2881 2101 2955 interci-

326 3035 332 3046 '
400 3033 521 3133 pitur,
550 3049 588 3104 et
616 3031 735 3104 oritur
759 3029 951 3128 sanguinis
978 3017 1103 3105 sta'sis.
1156 3028 1385 3104 Arteriarum
1410 3029 1540 3130 pulsus
1565 3029 1732 3104 minores
1757 3031 1874 3124 liunt,
1899 3037 2102 3130 etsensim

403 3184 598 3287 aspiratis,
626 3183 786 3271 arteriae
812 3209 953 3258 vacuae
976 3200 1129 3257 restant.
1181 3187 1225 3256 In
1252 3179 1420 3258 eobitide
1445 3211 1534 3259 rero
1571 3171 1671 3260 etin
1700 3186 1851 3284 organis
1884 3191 2100 3263 secretariis

404 3337 619 3412 animalium
645 3355 866 3412 cunctorum
892 3337 1052 3412 arteriae
1077 3337 1132 3410 uti
1155 3361 1273 3412 venae
1298 3361 1340 3410 se
1360 3335 1513 3414 babent.
1534 3309 1700 3414 ¹Globuli
1714 3338 1912 3437 sanguinei
1938 3319 1976 3413 in
2003 3369 2101 3417 mas·

277 3593 279 3598 ,
345 3531 351 3542 ·
403 3523 482 3569 sam
507 3493 678 3579 rubram,
707 3491 963 3594 aequabilem,
989 3491 1329 3593 circumscriptam,
1356 3487 1509 3567 canales
1543 3491 1643 3567 bene
1677 3491 1941 3567 infarcientem
1974 3513 2012 3568 et
2037 3523 2100 3572 co·

403 3649 620 3758 baerentem
646 3644 800 3721 abeunt.
824 3646 1080 3762 larenchyrna
1106 3643 1296 3746 turgidum
1319 3643 1591 3745 aliquantulum
1617 3661 1811 3746 opacatur.

42 3829 49 3836 ⁵
158 3847 160 3854 “
319 3831 401 3909 100.
523 3827 608 3923 b)
634 3829 678 3900 ln
704 3825 903 3902 affcctione
930 3849 1104 3930 expansa.
1146 3821 1254 3922 (Vid.
1282 3821 1363 3924 Fig.
1393 3825 1472 3922 52.)

565 4007 691 4080 Motus
714 4007 869 4109 rapidus
895 4005 946 4090 ad
967 4005 1080 4081 linem
1095 4027 1224 4118 ¹usque
1246 4019 1408 4104 perstat,
1443 4003 1512 4078 sed
1537 4005 1640 4081 unda
1663 4004 1819 4078 minima
1842 3999 1894 4082 lit.
1934 4013 2029 4084 Tum
2055 4014 2095 4086 in

397 4161 548 4238 arteriis
573 4161 702 4262 pulsus
728 4162 942 4262 insurgunt,
968 4161 1090 4263 primo
1117 4156 1306 4258 aequales,
1333 4158 1528 4259 quimagis
1544 4161 1739 4260 magisque
1753 4160 1974 4262 inaequales
1989 4165 2093 4262 liunt,
2171 4155 2178 4164 ⁵

400 4336 441 4413 et
463 4317 635 4406 tandem,
664 4316 858 4392 canalibus
883 4315 1011 4392 vacuis
1041 4311 1202 4404 relictis,
1239 4311 1422 4414 expirant.
1474 4315 1622 4388 Interea
1655 4337 1829 4388 rasorum
1859 4317 2093 4418 capillarium

357 4476 439 4565 [ct
462 4497 641 4546 teramum
664 4469 820 4564 turbae,
846 4467 975 4571 proed
998 4483 1140 4544 motum
1165 4483 1203 4541 et
1228 4465 1532 4542 distributionem
1557 4468 1752 4570 sanguinis
1766 4523 1778 4562 ,
1815 4469 1949 4544 mirum
1976 4498 2094 4572 quau.

399 4633 707 4724 tum‘augentur,
734 4641 773 4698 et
796 4641 919 4701 motus
945 4621 1179 4698 clandestine
1205 4622 1441 4723 extinguitur.
1492 4625 1597 4698 Motu
1624 4621 1789 4696 extincto
1801 4676 1812 4714 ,
1847 4615 2006 4700 maxima
2032 4653 2095 4700 ra·

400 4797 539 4854 eorum'
555 4777 786 4880 capillariam
811 4795 899 4879 pars
925 4778 1110 4878 sanguina
1137 4795 1193 4852 est
1219 4793 1417 4872 evacuata,
1446 4794 1484 4851 et
1516 4775 1664 4852 illorum
1695 4776 1755 4851 rix
1786 4778 2095 4854 animadvertitur

381 4933 616 5032 uestigium,
641 4957 729 5036 pars
756 4929 829 5006 alia
855 4930 1017 5006 stasibus
1043 4931 1186 5025 lividis,
1213 4930 1413 5034 dispersis,
1441 4957 1538 5034 quaa
1564 4957 1649 5006 euru
1666 4917 1959 5034 parencbpmate
1975 4931 2093 5010 livido
