<?xml version="1.0" encoding="UTF-8"?>
<!DOCTYPE html PUBLIC "-//W3C//DTD XHTML 1.0 Transitional//EN"
    "http://www.w3.org/TR/xhtml1/DTD/xhtml1-transitional.dtd">
<html xmlns="http://www.w3.org/1999/xhtml" xml:lang="en" lang="en">
 <head>
  <title>
</title>
<meta http-equiv="Content-Type" content="text/html;charset=utf-8" />
  <meta name='ocr-system' content='tesseract 3.04.00' />
  <meta name='ocr-capabilities' content='ocr_page ocr_carea ocr_par ocr_line ocrx_word'/>
</head>
<body>
  <div class='ocr_page' id='page_1' title='image "./experimentacirc00kaltgoog_0032.png"; bbox 0 0 4848 6194; ppageno 0'>
   <div class='ocr_carea' id='block_1_1' title="bbox 729 597 1709 928">
    <p class='ocr_par' dir='ltr' id='par_1_1' title="bbox 729 597 1709 928">
     <span class='ocr_line' id='line_1_1' title="bbox 1190 597 1235 680; baseline 0 0"><span class='ocrx_word' id='word_1_1' title='bbox 1190 597 1235 680; x_wconf 86' lang='lat'><strong>¹9</strong></span> 
     </span>
     <span class='ocr_line' id='line_1_2' title="bbox 729 779 1709 928; baseline -0.002 -52"><span class='ocrx_word' id='word_1_2' title='bbox 729 779 1065 928; x_wconf 76' lang='lat' dir='ltr'><strong>Stadium</strong></span> <span class='ocrx_word' id='word_1_3' title='bbox 1114 781 1199 876; x_wconf 87' lang='grc' dir='ltr'><strong>ΙΙΙ</strong></span> <span class='ocrx_word' id='word_1_4' title='bbox 1241 781 1709 877; x_wconf 72' lang='lat' dir='ltr'><em>sanationis.</em></span> 
     </span>
    </p>
   </div>
   <div class='ocr_carea' id='block_1_2' title="bbox 246 997 2065 1882">
    <p class='ocr_par' dir='ltr' id='par_1_2' title="bbox 301 997 2065 1570">
     <span class='ocr_line' id='line_1_3' title="bbox 301 997 2063 1106; baseline -0.003 -28"><span class='ocrx_word' id='word_1_5' title='bbox 301 1020 360 1104; x_wconf 83' lang='lat'><strong>89.</strong></span> <span class='ocrx_word' id='word_1_6' title='bbox 414 1031 419 1054; x_wconf 72' lang='lat'><strong>¹</strong></span> <span class='ocrx_word' id='word_1_7' title='bbox 528 1003 652 1078; x_wconf 83' lang='lat' dir='ltr'><strong>Prima</strong></span> <span class='ocrx_word' id='word_1_8' title='bbox 677 999 887 1078; x_wconf 77' lang='lat' dir='ltr'>sanationis</span> <span class='ocrx_word' id='word_1_9' title='bbox 911 1000 1155 1106; x_wconf 71' lang='lat' dir='ltr'><strong>phinomena</strong></span> <span class='ocrx_word' id='word_1_10' title='bbox 1179 999 1374 1100; x_wconf 76' lang='lat' dir='ltr'><strong>ingruunt,</strong></span> <span class='ocrx_word' id='word_1_11' title='bbox 1388 999 1477 1076; x_wconf 90' lang='lat' dir='ltr'><strong>dum</strong></span> <span class='ocrx_word' id='word_1_12' title='bbox 1493 999 1649 1104; x_wconf 81' lang='lat' dir='ltr'><strong>reliquis</strong></span> <span class='ocrx_word' id='word_1_13' title='bbox 1674 997 1795 1078; x_wconf 87' lang='lat' dir='ltr'><strong>turbis</strong></span> <span class='ocrx_word' id='word_1_14' title='bbox 1822 998 2063 1104; x_wconf 78' lang='lat' dir='ltr'><strong>compositis,</strong></span> 
     </span>
     <span class='ocr_line' id='line_1_4' title="bbox 360 1143 2063 1260; baseline 0.001 -26"><span class='ocrx_word' id='word_1_15' title='bbox 360 1173 486 1235; x_wconf 87' lang='lat' dir='ltr'><strong>motus</strong></span> <span class='ocrx_word' id='word_1_16' title='bbox 513 1157 744 1234; x_wconf 76' lang='lat' dir='ltr'><strong>acceleratus</strong></span> <span class='ocrx_word' id='word_1_17' title='bbox 769 1155 872 1234; x_wconf 89' lang='lat' dir='ltr'><strong>solus</strong></span> <span class='ocrx_word' id='word_1_18' title='bbox 897 1173 1027 1236; x_wconf 86' lang='lat' dir='ltr'><strong>restat.</strong></span> <span class='ocrx_word' id='word_1_19' title='bbox 1079 1143 1176 1230; x_wconf 79' lang='lat' dir='ltr'><strong>Tum</strong></span> <span class='ocrx_word' id='word_1_20' title='bbox 1202 1154 1252 1230; x_wconf 87' lang='lat' dir='ltr'><strong>ad</strong></span> <span class='ocrx_word' id='word_1_21' title='bbox 1277 1155 1385 1230; x_wconf 84' lang='lat' dir='ltr'><strong>strati</strong></span> <span class='ocrx_word' id='word_1_22' title='bbox 1420 1163 1562 1232; x_wconf 81' lang='lat' dir='ltr'>externi</span> <span class='ocrx_word' id='word_1_23' title='bbox 1586 1158 1794 1260; x_wconf 77' lang='lat' dir='ltr'><strong>marginem</strong></span> <span class='ocrx_word' id='word_1_24' title='bbox 1818 1159 2063 1236; x_wconf 83' lang='lat' dir='ltr'><strong>inflammatio</strong></span> 
     </span>
     <span class='ocr_line' id='line_1_5' title="bbox 362 1309 2061 1426; baseline -0.004 -36"><span class='ocrx_word' id='word_1_25' title='bbox 362 1329 702 1416; x_wconf 60' lang='lat' dir='ltr'><strong>concreparunt,</strong></span> <span class='ocrx_word' id='word_1_26' title='bbox 729 1337 828 1426; x_wconf 86' lang='lat' dir='ltr'><strong>quae</strong></span> <span class='ocrx_word' id='word_1_27' title='bbox 855 1309 1018 1386; x_wconf 83' lang='lat' dir='ltr'><strong>stasihus</strong></span> <span class='ocrx_word' id='word_1_28' title='bbox 1046 1311 1341 1416; x_wconf 79' lang='lat' dir='ltr'><strong>circumscriptis</strong></span> <span class='ocrx_word' id='word_1_29' title='bbox 1366 1312 1527 1414; x_wconf 82' lang='lat' dir='ltr'><strong>insignis</strong></span> <span class='ocrx_word' id='word_1_30' title='bbox 1553 1329 1633 1405; x_wconf 89' lang='lat' dir='ltr'><strong>est,</strong></span> <span class='ocrx_word' id='word_1_31' title='bbox 1659 1329 1696 1388; x_wconf 89' lang='lat' dir='ltr'><strong>et</strong></span> <span class='ocrx_word' id='word_1_32' title='bbox 1722 1337 1798 1414; x_wconf 85' lang='lat' dir='ltr'><strong>qna</strong></span> <span class='ocrx_word' id='word_1_33' title='bbox 1830 1313 1959 1416; x_wconf 81' lang='lat' dir='ltr'><strong>(quasi</strong></span> <span class='ocrx_word' id='word_1_34' title='bbox 1987 1319 2061 1390; x_wconf 86' lang='lat' dir='ltr'><strong>cri.</strong></span> 
     </span>
     <span class='ocr_line' id='line_1_6' title="bbox 359 1458 2065 1570; baseline 0.002 -28"><span class='ocrx_word' id='word_1_35' title='bbox 359 1468 456 1566; x_wconf 84' lang='lat' dir='ltr'><strong>tice)</strong></span> <span class='ocrx_word' id='word_1_36' title='bbox 480 1465 643 1542; x_wconf 79' lang='lat' dir='ltr'><strong>formate</strong></span> <span class='ocrx_word' id='word_1_37' title='bbox 654 1520 667 1560; x_wconf 91' lang='lat'><em>,</em></span> <span class='ocrx_word' id='word_1_38' title='bbox 694 1465 809 1542; x_wconf 83' lang='lat' dir='ltr'><strong>etium</strong></span> <span class='ocrx_word' id='word_1_39' title='bbox 834 1458 988 1542; x_wconf 82' lang='lat' dir='ltr'><strong>ultimae</strong></span> <span class='ocrx_word' id='word_1_40' title='bbox 1016 1466 1119 1542; x_wconf 87' lang='lat' dir='ltr'><strong>circa</strong></span> <span class='ocrx_word' id='word_1_41' title='bbox 1143 1465 1276 1540; x_wconf 79' lang='lat' dir='ltr'><strong>vulnus</strong></span> <span class='ocrx_word' id='word_1_42' title='bbox 1301 1465 1435 1542; x_wconf 87' lang='lat' dir='ltr'><strong>turbae</strong></span> <span class='ocrx_word' id='word_1_43' title='bbox 1461 1483 1702 1544; x_wconf 75' lang='lat' dir='ltr'><strong>evanescunc</strong></span> <span class='ocrx_word' id='word_1_44' title='bbox 1730 1467 1924 1544; x_wconf 83' lang='lat' dir='ltr'><strong>Momento</strong></span> <span class='ocrx_word' id='word_1_45' title='bbox 1950 1471 2065 1570; x_wconf 79' lang='lat' dir='ltr'><strong>quic·</strong></span> 
     </span>
    </p>

    <p class='ocr_par' dir='ltr' id='par_1_3' title="bbox 246 1619 2058 1728">
     <span class='ocr_line' id='line_1_7' title="bbox 246 1619 2058 1728; baseline 0.002 -32"><span class='ocrx_word' id='word_1_46' title='bbox 246 1689 253 1696; x_wconf 91' lang='lat'>.</span> <span class='ocrx_word' id='word_1_47' title='bbox 359 1621 408 1696; x_wconf 82' lang='lat' dir='ltr'><strong>tis</strong></span> <span class='ocrx_word' id='word_1_48' title='bbox 437 1619 667 1715; x_wconf 86' lang='lat' dir='ltr'><strong>introducto,</strong></span> <span class='ocrx_word' id='word_1_49' title='bbox 694 1619 774 1724; x_wconf 83' lang='lat' dir='ltr'><strong>jam</strong></span> <span class='ocrx_word' id='word_1_50' title='bbox 805 1620 963 1695; x_wconf 87' lang='lat' dir='ltr'><strong>materia</strong></span> <span class='ocrx_word' id='word_1_51' title='bbox 993 1621 1199 1721; x_wconf 86' lang='lat' dir='ltr'><strong>quaedam,</strong></span> <span class='ocrx_word' id='word_1_52' title='bbox 1223 1621 1377 1728; x_wconf 79' lang='lat' dir='ltr'><strong>lympha</strong></span> <span class='ocrx_word' id='word_1_53' title='bbox 1404 1620 1566 1724; x_wconf 86' lang='lat' dir='ltr'><strong>plastica</strong></span> <span class='ocrx_word' id='word_1_54' title='bbox 1584 1621 1675 1698; x_wconf 87' lang='lat' dir='ltr'><strong>olim</strong></span> <span class='ocrx_word' id='word_1_55' title='bbox 1688 1620 1801 1716; x_wconf 82' lang='lat' dir='ltr'><strong>dicta,</strong></span> <span class='ocrx_word' id='word_1_56' title='bbox 1825 1621 1876 1698; x_wconf 90' lang='lat' dir='ltr'><strong>ad</strong></span> <span class='ocrx_word' id='word_1_57' title='bbox 1890 1621 2058 1700; x_wconf 78' lang='lat' dir='ltr'><strong>vulneris</strong></span> 
     </span>
    </p>

    <p class='ocr_par' dir='ltr' id='par_1_4' title="bbox 358 1775 2062 1882">
     <span class='ocr_line' id='line_1_8' title="bbox 358 1775 2062 1882; baseline 0.004 -33"><span class='ocrx_word' id='word_1_58' title='bbox 358 1775 566 1876; x_wconf 76' lang='lat' dir='ltr'><strong>marginem</strong></span> <span class='ocrx_word' id='word_1_59' title='bbox 590 1777 714 1877; x_wconf 88' lang='lat' dir='ltr'><strong>ipsum</strong></span> <span class='ocrx_word' id='word_1_60' title='bbox 739 1775 883 1880; x_wconf 80' lang='lat' dir='ltr'><strong>deponi</strong></span> <span class='ocrx_word' id='word_1_61' title='bbox 916 1777 1069 1878; x_wconf 87' lang='lat' dir='ltr'><strong>coepit,</strong></span> <span class='ocrx_word' id='word_1_62' title='bbox 1101 1801 1126 1852; x_wconf 85' lang='lat' dir='ltr'><strong>a</strong></span> <span class='ocrx_word' id='word_1_63' title='bbox 1161 1799 1237 1876; x_wconf 86' lang='lat' dir='ltr'><strong>qua</strong></span> <span class='ocrx_word' id='word_1_64' title='bbox 1267 1775 1402 1852; x_wconf 81' lang='lat' dir='ltr'><strong>vulnus</strong></span> <span class='ocrx_word' id='word_1_65' title='bbox 1433 1777 1576 1854; x_wconf 86' lang='lat' dir='ltr'><strong>sensim</strong></span> <span class='ocrx_word' id='word_1_66' title='bbox 1608 1777 1789 1882; x_wconf 87' lang='lat' dir='ltr'><strong>expletur.</strong></span> <span class='ocrx_word' id='word_1_67' title='bbox 1838 1777 1938 1852; x_wconf 86' lang='lat' dir='ltr'><strong>Dein</strong></span> <span class='ocrx_word' id='word_1_68' title='bbox 1971 1804 2062 1856; x_wconf 81' lang='lat' dir='ltr'><strong>rasa</strong></span> 
     </span>
    </p>
   </div>
   <div class='ocr_carea' id='block_1_3' title="bbox 358 1901 2060 2032">
    <p class='ocr_par' dir='ltr' id='par_1_5' title="bbox 358 1901 2060 2032">
     <span class='ocr_line' id='line_1_9' title="bbox 358 1901 2060 2032; baseline 0.001 -28"><span class='ocrx_word' id='word_1_69' title='bbox 358 1957 459 2006; x_wconf 77' lang='lat' dir='ltr'><strong>nora</strong></span> <span class='ocrx_word' id='word_1_70' title='bbox 483 1930 712 2024; x_wconf 83' lang='lat' dir='ltr'><strong>formantur,</strong></span> <span class='ocrx_word' id='word_1_71' title='bbox 737 1901 919 2031; x_wconf 80' lang='lat' dir='ltr'><strong>pristina,</strong></span> <span class='ocrx_word' id='word_1_72' title='bbox 947 1929 1101 2026; x_wconf 86' lang='lat' dir='ltr'><strong>obruta,</strong></span> <span class='ocrx_word' id='word_1_73' title='bbox 1126 1929 1393 2024; x_wconf 85' lang='lat' dir='ltr'><strong>restituuntur,</strong></span> <span class='ocrx_word' id='word_1_74' title='bbox 1419 1947 1458 2006; x_wconf 86' lang='lat' dir='ltr'><strong>et</strong></span> <span class='ocrx_word' id='word_1_75' title='bbox 1490 1929 1620 2008; x_wconf 86' lang='lat' dir='ltr'><strong>omnia</strong></span> <span class='ocrx_word' id='word_1_76' title='bbox 1643 1929 1685 2006; x_wconf 88' lang='lat' dir='ltr'><strong>in</strong></span> <span class='ocrx_word' id='word_1_77' title='bbox 1711 1931 1971 2008; x_wconf 81' lang='lat' dir='ltr'><strong>anastomosin</strong></span> <span class='ocrx_word' id='word_1_78' title='bbox 1997 1957 2060 2032; x_wconf 79' lang='lat' dir='ltr'><strong>gc·</strong></span> 
     </span>
    </p>
   </div>
   <div class='ocr_carea' id='block_1_4' title="bbox 359 2067 2060 2190">
    <p class='ocr_par' dir='ltr' id='par_1_6' title="bbox 359 2067 2060 2190">
     <span class='ocr_line' id='line_1_10' title="bbox 359 2067 2060 2190; baseline 0.002 -30"><span class='ocrx_word' id='word_1_79' title='bbox 359 2067 527 2160; x_wconf 79' lang='lat' dir='ltr'><strong>neralem</strong></span> <span class='ocrx_word' id='word_1_80' title='bbox 550 2083 795 2187; x_wconf 83' lang='lat' dir='ltr'><strong>recipiuntur.</strong></span> <span class='ocrx_word' id='word_1_81' title='bbox 832 2083 1081 2160; x_wconf 83' lang='lat' dir='ltr'><strong>inflammatio</strong></span> <span class='ocrx_word' id='word_1_82' title='bbox 1115 2084 1302 2185; x_wconf 85' lang='lat' dir='ltr'><strong>denique,</strong></span> <span class='ocrx_word' id='word_1_83' title='bbox 1336 2084 1415 2182; x_wconf 87' lang='lat' dir='ltr'><strong>jam</strong></span> <span class='ocrx_word' id='word_1_84' title='bbox 1455 2084 1634 2180; x_wconf 85' lang='lat' dir='ltr'><strong>infracta,</strong></span> <span class='ocrx_word' id='word_1_85' title='bbox 1658 2085 1811 2188; x_wconf 84' lang='lat' dir='ltr'><strong>penitus</strong></span> <span class='ocrx_word' id='word_1_86' title='bbox 1837 2085 2060 2190; x_wconf 83' lang='lat' dir='ltr'><strong>dissipatur,</strong></span> 
     </span>
    </p>
   </div>
   <div class='ocr_carea' id='block_1_5' title="bbox 360 2237 1787 2524">
    <p class='ocr_par' dir='ltr' id='par_1_7' title="bbox 360 2237 1787 2524">
     <span class='ocr_line' id='line_1_11' title="bbox 360 2237 1529 2344; baseline -0.001 -29"><span class='ocrx_word' id='word_1_87' title='bbox 360 2257 398 2315; x_wconf 83' lang='lat' dir='ltr'><strong>et</strong></span> <span class='ocrx_word' id='word_1_88' title='bbox 421 2257 617 2344; x_wconf 84' lang='lat' dir='ltr'><strong>postremo</strong></span> <span class='ocrx_word' id='word_1_89' title='bbox 641 2238 924 2315; x_wconf 87' lang='lat' dir='ltr'><strong>cicatrisationc</strong></span> <span class='ocrx_word' id='word_1_90' title='bbox 947 2237 1112 2315; x_wconf 76' lang='lat' dir='ltr'><strong>uulneris</strong></span> <span class='ocrx_word' id='word_1_91' title='bbox 1137 2239 1286 2316; x_wconf 86' lang='lat' dir='ltr'><strong>sanatio</strong></span> <span class='ocrx_word' id='word_1_92' title='bbox 1311 2237 1529 2318; x_wconf 80' lang='lat' dir='ltr'><strong>absolvitur.</strong></span> 
     </span>
     <span class='ocr_line' id='line_1_12' title="bbox 462 2417 1787 2524; baseline 0.002 -30"><span class='ocrx_word' id='word_1_93' title='bbox 462 2417 467 2424; x_wconf 80' lang='grc'><strong>’</strong></span> <span class='ocrx_word' id='word_1_94' title='bbox 523 2422 633 2494; x_wconf 87' lang='lat' dir='ltr'><strong>Hunc</strong></span> <span class='ocrx_word' id='word_1_95' title='bbox 662 2441 884 2522; x_wconf 81' lang='lat' dir='ltr'><strong>processum</strong></span> <span class='ocrx_word' id='word_1_96' title='bbox 909 2417 980 2494; x_wconf 90' lang='lat' dir='ltr'><strong>sub</strong></span> <span class='ocrx_word' id='word_1_97' title='bbox 1006 2419 1176 2520; x_wconf 85' lang='lat' dir='ltr'><strong>quinque</strong></span> <span class='ocrx_word' id='word_1_98' title='bbox 1208 2421 1410 2496; x_wconf 87' lang='lat' dir='ltr'><strong>momentis</strong></span> <span class='ocrx_word' id='word_1_99' title='bbox 1437 2445 1634 2524; x_wconf 74' lang='lat' dir='ltr'><strong>exponam.</strong></span> <span class='ocrx_word' id='word_1_100' title='bbox 1665 2421 1787 2498; x_wconf 78' lang='lat' dir='ltr'><strong>Sunt:</strong></span> 
     </span>
    </p>
   </div>
   <div class='ocr_carea' id='block_1_6' title="bbox 451 2573 1327 3315">
    <p class='ocr_par' dir='ltr' id='par_1_8' title="bbox 451 2573 1327 3005">
     <span class='ocr_line' id='line_1_13' title="bbox 451 2573 1327 2716; baseline 0.001 -42"><span class='ocrx_word' id='word_1_101' title='bbox 451 2707 456 2716; x_wconf 21' lang='lat' dir='ltr'>v</span> <span class='ocrx_word' id='word_1_102' title='bbox 525 2603 569 2696; x_wconf 70' lang='lat' dir='ltr'><strong>a)</strong></span> <span class='ocrx_word' id='word_1_103' title='bbox 596 2599 776 2676; x_wconf 78' lang='lat' dir='ltr'><strong>formatio</strong></span> <span class='ocrx_word' id='word_1_104' title='bbox 800 2573 1111 2676; x_wconf 78' lang='lat' dir='ltr'><strong>inflammationis</strong></span> <span class='ocrx_word' id='word_1_105' title='bbox 1137 2602 1327 2696; x_wconf 86' lang='lat' dir='ltr'><strong>sanantis,</strong></span> 
     </span>
     <span class='ocr_line' id='line_1_14' title="bbox 524 2751 1008 2854; baseline -0.01 -24"><span class='ocrx_word' id='word_1_106' title='bbox 524 2757 563 2854; x_wconf 85' lang='lat' dir='ltr'><strong>b)</strong></span> <span class='ocrx_word' id='word_1_107' title='bbox 591 2753 786 2833; x_wconf 84' lang='lat' dir='ltr'><strong>exsudatio</strong></span> <span class='ocrx_word' id='word_1_108' title='bbox 811 2751 1008 2854; x_wconf 83' lang='lat' dir='ltr'><strong>lymphae,</strong></span> 
     </span>
     <span class='ocr_line' id='line_1_15' title="bbox 524 2905 992 3005; baseline -0.013 -21"><span class='ocrx_word' id='word_1_109' title='bbox 524 2907 565 3005; x_wconf 87' lang='lat' dir='ltr'><strong>c)</strong></span> <span class='ocrx_word' id='word_1_110' title='bbox 592 2905 769 2984; x_wconf 79' lang='lat' dir='ltr'><strong>formatio</strong></span> <span class='ocrx_word' id='word_1_111' title='bbox 795 2931 992 2996; x_wconf 81' lang='lat' dir='ltr'><strong>vasorum,</strong></span> 
     </span>
    </p>

    <p class='ocr_par' dir='ltr' id='par_1_9' title="bbox 453 3057 1132 3315">
     <span class='ocr_line' id='line_1_16' title="bbox 453 3057 1132 3162; baseline -0.009 -24"><span class='ocrx_word' id='word_1_112' title='bbox 453 3071 458 3076; x_wconf 85' lang='grc'><em>“</em></span> <span class='ocrx_word' id='word_1_113' title='bbox 522 3063 569 3162; x_wconf 85' lang='lat' dir='ltr'><strong>d)</strong></span> <span class='ocrx_word' id='word_1_114' title='bbox 593 3059 777 3138; x_wconf 89' lang='lat' dir='ltr'><strong>resolutio</strong></span> <span class='ocrx_word' id='word_1_115' title='bbox 804 3057 1132 3150; x_wconf 83' lang='lat' dir='ltr'><strong>inflammationis,</strong></span> 
     </span>
     <span class='ocr_line' id='line_1_17' title="bbox 525 3189 841 3315; baseline -0.003 -25"><span class='ocrx_word' id='word_1_116' title='bbox 525 3216 561 3315; x_wconf 85' lang='lat' dir='ltr'><strong>e)</strong></span> <span class='ocrx_word' id='word_1_117' title='bbox 587 3189 841 3292; x_wconf 58' lang='lat' dir='ltr'><strong>circuientes</strong></span> 
     </span>
    </p>
   </div>
   <div class='ocr_carea' id='block_1_7' title="bbox 1102 3431 1315 3450">
    <p class='ocr_par' dir='ltr' id='par_1_10' title="bbox 1102 3431 1315 3450">
     <span class='ocr_line' id='line_1_18' title="bbox 1102 3431 1315 3450; baseline 0 0"><span class='ocrx_word' id='word_1_118' title='bbox 1102 3431 1315 3450; x_wconf 66' lang='lat' dir='ltr'><strong>——ur—u-</strong></span> 
     </span>
    </p>
   </div>
   <div class='ocr_carea' id='block_1_8' title="bbox 581 3592 1814 3725">
    <p class='ocr_par' dir='ltr' id='par_1_11' title="bbox 581 3592 1814 3725">
     <span class='ocr_line' id='line_1_19' title="bbox 581 3592 1814 3725; baseline -0.005 -34"><span class='ocrx_word' id='word_1_119' title='bbox 581 3599 652 3720; x_wconf 84' lang='lat' dir='ltr'><strong>a.)</strong></span> <span class='ocrx_word' id='word_1_120' title='bbox 681 3595 1092 3725; x_wconf 73' lang='lat' dir='ltr'><strong>Deformotione</strong></span> <span class='ocrx_word' id='word_1_121' title='bbox 1120 3592 1537 3708; x_wconf 82' lang='lat' dir='ltr'><strong>inflammationis</strong></span> <span class='ocrx_word' id='word_1_122' title='bbox 1564 3595 1814 3690; x_wconf 76' lang='lat' dir='ltr'><strong>sonantis.</strong></span> 
     </span>
    </p>
   </div>
   <div class='ocr_carea' id='block_1_9' title="bbox 270 3801 2054 3928">
    <p class='ocr_par' dir='ltr' id='par_1_12' title="bbox 270 3801 2054 3928">
     <span class='ocr_line' id='line_1_20' title="bbox 270 3801 2054 3928; baseline -0.017 -13"><span class='ocrx_word' id='word_1_123' title='bbox 270 3801 351 3928; x_wconf 58' lang='grc' dir='ltr'><strong>ὀί.</strong></span> <span class='ocrx_word' id='word_1_124' title='bbox 524 3819 709 3896; x_wconf 89' lang='lat' dir='ltr'><strong>Omnibus</strong></span> <span class='ocrx_word' id='word_1_125' title='bbox 735 3817 972 3894; x_wconf 83' lang='lat' dir='ltr'><strong>confusionis</strong></span> <span class='ocrx_word' id='word_1_126' title='bbox 994 3817 1115 3894; x_wconf 88' lang='lat' dir='ltr'><strong>turbis</strong></span> <span class='ocrx_word' id='word_1_127' title='bbox 1140 3815 1241 3892; x_wconf 89' lang='lat' dir='ltr'><strong>solus</strong></span> <span class='ocrx_word' id='word_1_128' title='bbox 1267 3829 1326 3890; x_wconf 91' lang='lat' dir='ltr'><strong>est</strong></span> <span class='ocrx_word' id='word_1_129' title='bbox 1349 3829 1541 3914; x_wconf 85' lang='lat' dir='ltr'><strong>superstes</strong></span> <span class='ocrx_word' id='word_1_130' title='bbox 1566 3829 1691 3888; x_wconf 86' lang='lat' dir='ltr'><strong>motus</strong></span> <span class='ocrx_word' id='word_1_131' title='bbox 1715 3815 1959 3912; x_wconf 85' lang='lat' dir='ltr'><strong>acceleratus,</strong></span> <span class='ocrx_word' id='word_1_132' title='bbox 1985 3823 2054 3921; x_wconf 80' lang='lat' dir='ltr'><strong>qui</strong></span> 
     </span>
    </p>
   </div>
   <div class='ocr_carea' id='block_1_10' title="bbox 359 3965 2234 4074">
    <p class='ocr_par' dir='ltr' id='par_1_13' title="bbox 359 3965 2234 4074">
     <span class='ocr_line' id='line_1_21' title="bbox 359 3965 2234 4074; baseline -0.003 -21"><span class='ocrx_word' id='word_1_133' title='bbox 359 4001 488 4053; x_wconf 76' lang='lat' dir='ltr'><strong>versus</strong></span> <span class='ocrx_word' id='word_1_134' title='bbox 505 3974 670 4050; x_wconf 75' lang='lat' dir='ltr'><strong>vulneris</strong></span> <span class='ocrx_word' id='word_1_135' title='bbox 690 3973 880 4074; x_wconf 78' lang='lat' dir='ltr'><strong>margines</strong></span> <span class='ocrx_word' id='word_1_136' title='bbox 893 3971 1080 4073; x_wconf 80' lang='lat' dir='ltr'><strong>procedit</strong></span> <span class='ocrx_word' id='word_1_137' title='bbox 1106 3969 1406 4065; x_wconf 79' lang='lat' dir='ltr'><strong>Hic,·dumrasc</strong></span> <span class='ocrx_word' id='word_1_138' title='bbox 1422 3965 1595 4068; x_wconf 82' lang='lat' dir='ltr'><strong>adtingit,</strong></span> <span class='ocrx_word' id='word_1_139' title='bbox 1611 3991 1773 4066; x_wconf 85' lang='lat' dir='ltr'><strong>quornm</strong></span> <span class='ocrx_word' id='word_1_140' title='bbox 1789 3991 1889 4067; x_wconf 87' lang='lat' dir='ltr'><strong>pars,</strong></span> <span class='ocrx_word' id='word_1_141' title='bbox 1907 3973 2054 4050; x_wconf 70' lang='lat' dir='ltr'><strong>uulneri</strong></span> <span class='ocrx_word' id='word_1_142' title='bbox 2118 4047 2124 4056; x_wconf 88' lang='grc'>,</span> <span class='ocrx_word' id='word_1_143' title='bbox 2218 4009 2234 4020; x_wconf 88' lang='grc'><strong>-</strong></span> 
     </span>
    </p>
   </div>
   <div class='ocr_carea' id='block_1_11' title="bbox 357 4121 2053 4382">
    <p class='ocr_par' dir='ltr' id='par_1_14' title="bbox 357 4121 2053 4382">
     <span class='ocr_line' id='line_1_22' title="bbox 357 4121 2053 4234; baseline -0.002 -30"><span class='ocrx_word' id='word_1_144' title='bbox 357 4129 549 4230; x_wconf 85' lang='lat' dir='ltr'><strong>proxima,</strong></span> <span class='ocrx_word' id='word_1_145' title='bbox 574 4125 762 4223; x_wconf 76' lang='lat' dir='ltr'><strong>resoluta3</strong></span> <span class='ocrx_word' id='word_1_146' title='bbox 788 4126 863 4202; x_wconf 89' lang='lat' dir='ltr'><strong>alia</strong></span> <span class='ocrx_word' id='word_1_147' title='bbox 886 4153 977 4203; x_wconf 81' lang='lat' dir='ltr'><strong>vcro</strong></span> <span class='ocrx_word' id='word_1_148' title='bbox 1004 4141 1204 4219; x_wconf 79' lang='lat' dir='ltr'><strong>evacuata3</strong></span> <span class='ocrx_word' id='word_1_149' title='bbox 1232 4141 1271 4198; x_wconf 85' lang='lat' dir='ltr'><strong>ct</strong></span> <span class='ocrx_word' id='word_1_150' title='bbox 1296 4123 1371 4199; x_wconf 87' lang='lat' dir='ltr'><strong>elia</strong></span> <span class='ocrx_word' id='word_1_151' title='bbox 1396 4121 1559 4198; x_wconf 87' lang='lat' dir='ltr'><strong>stasibus</strong></span> <span class='ocrx_word' id='word_1_152' title='bbox 1585 4121 1766 4218; x_wconf 85' lang='lat' dir='ltr'><strong>dispersis</strong></span> <span class='ocrx_word' id='word_1_153' title='bbox 1794 4141 1852 4196; x_wconf 88' lang='lat' dir='ltr'><strong>est</strong></span> <span class='ocrx_word' id='word_1_154' title='bbox 1880 4125 2053 4234; x_wconf 83' lang='lat' dir='ltr'><strong>impleta,</strong></span> 
     </span>
     <span class='ocr_line' id='line_1_23' title="bbox 357 4273 2052 4382; baseline -0.003 -25"><span class='ocrx_word' id='word_1_155' title='bbox 357 4285 453 4358; x_wconf 86' lang='lat' dir='ltr'><strong>mira</strong></span> <span class='ocrx_word' id='word_1_156' title='bbox 475 4299 586 4382; x_wconf 86' lang='lat' dir='ltr'><strong>parat</strong></span> <span class='ocrx_word' id='word_1_157' title='bbox 608 4279 863 4381; x_wconf 68' lang='lat' dir='ltr'><strong>phinomena.</strong></span> <span class='ocrx_word' id='word_1_158' title='bbox 914 4283 960 4354; x_wconf 89' lang='lat' dir='ltr'><strong>ln</strong></span> <span class='ocrx_word' id='word_1_159' title='bbox 983 4279 1078 4354; x_wconf 87' lang='lat' dir='ltr'><strong>haec</strong></span> <span class='ocrx_word' id='word_1_160' title='bbox 1104 4303 1194 4354; x_wconf 82' lang='lat' dir='ltr'><strong>rasa</strong></span> <span class='ocrx_word' id='word_1_161' title='bbox 1221 4277 1374 4378; x_wconf 80' lang='lat' dir='ltr'><strong>sanguis</strong></span> <span class='ocrx_word' id='word_1_162' title='bbox 1401 4302 1423 4352; x_wconf 90' lang='lat' dir='ltr'><strong>e</strong></span> <span class='ocrx_word' id='word_1_163' title='bbox 1449 4274 1643 4352; x_wconf 88' lang='lat' dir='ltr'><strong>canalibus</strong></span> <span class='ocrx_word' id='word_1_164' title='bbox 1678 4273 1756 4350; x_wconf 88' lang='lat' dir='ltr'><strong>suis</strong></span> <span class='ocrx_word' id='word_1_165' title='bbox 1782 4273 1907 4352; x_wconf 90' lang='lat' dir='ltr'><strong>subito</strong></span> <span class='ocrx_word' id='word_1_166' title='bbox 1933 4279 2052 4374; x_wconf 80' lang='lat' dir='ltr'><strong>irruit,</strong></span> 
     </span>
    </p>
   </div>
   <div class='ocr_carea' id='block_1_12' title="bbox 357 4431 1018 4532">
    <p class='ocr_par' dir='ltr' id='par_1_15' title="bbox 357 4431 1018 4532">
     <span class='ocr_line' id='line_1_24' title="bbox 357 4431 1018 4532; baseline -0.008 -21"><span class='ocrx_word' id='word_1_167' title='bbox 357 4453 399 4511; x_wconf 86' lang='lat' dir='ltr'><strong>ut</strong></span> <span class='ocrx_word' id='word_1_168' title='bbox 423 4433 640 4512; x_wconf 87' lang='lat' dir='ltr'><strong>columellas</strong></span> <span class='ocrx_word' id='word_1_169' title='bbox 667 4451 707 4508; x_wconf 88' lang='lat' dir='ltr'><strong>et</strong></span> <span class='ocrx_word' id='word_1_170' title='bbox 730 4431 873 4509; x_wconf 89' lang='lat' dir='ltr'><strong>insulas</strong></span> <span class='ocrx_word' id='word_1_171' title='bbox 896 4450 1018 4532; x_wconf 70' lang='lat' dir='ltr'><strong>paret.</strong></span> 
     </span>
    </p>
   </div>
   <div class='ocr_carea' id='block_1_13' title="bbox 292 4609 2060 4870">
    <p class='ocr_par' dir='ltr' id='par_1_16' title="bbox 292 4609 2060 4870">
     <span class='ocr_line' id='line_1_25' title="bbox 292 4609 2051 4726; baseline 0 -35"><span class='ocrx_word' id='word_1_172' title='bbox 292 4645 353 4726; x_wconf 82' lang='lat'><strong>9²·</strong></span> <span class='ocrx_word' id='word_1_173' title='bbox 519 4613 669 4689; x_wconf 84' lang='lat' dir='ltr'><strong>Insulae</strong></span> <span class='ocrx_word' id='word_1_174' title='bbox 691 4629 891 4714; x_wconf 82' lang='lat' dir='ltr'><strong>parantur,</strong></span> <span class='ocrx_word' id='word_1_175' title='bbox 918 4611 1006 4687; x_wconf 88' lang='lat' dir='ltr'><strong>dum</strong></span> <span class='ocrx_word' id='word_1_176' title='bbox 1032 4609 1175 4713; x_wconf 81' lang='lat' dir='ltr'><strong>globuli</strong></span> <span class='ocrx_word' id='word_1_177' title='bbox 1199 4611 1239 4684; x_wconf 88' lang='lat' dir='ltr'><strong>in</strong></span> <span class='ocrx_word' id='word_1_178' title='bbox 1266 4609 1417 4686; x_wconf 86' lang='lat' dir='ltr'><strong>canales</strong></span> <span class='ocrx_word' id='word_1_179' title='bbox 1442 4609 1704 4709; x_wconf 85' lang='lat' dir='ltr'><strong>prosilientes,</strong></span> <span class='ocrx_word' id='word_1_180' title='bbox 1736 4610 1787 4686; x_wconf 87' lang='lat' dir='ltr'><strong>ad</strong></span> <span class='ocrx_word' id='word_1_181' title='bbox 1811 4613 1959 4712; x_wconf 82' lang='lat' dir='ltr'><strong>apicem</strong></span> <span class='ocrx_word' id='word_1_182' title='bbox 1990 4641 2051 4692; x_wconf 90' lang='lat' dir='ltr'><strong>re·</strong></span> 
     </span>
     <span class='ocr_line' id='line_1_26' title="bbox 358 4764 2060 4870; baseline 0.003 -28"><span class='ocrx_word' id='word_1_183' title='bbox 358 4768 529 4864; x_wconf 87' lang='lat' dir='ltr'><strong>solutos,</strong></span> <span class='ocrx_word' id='word_1_184' title='bbox 557 4769 596 4842; x_wconf 88' lang='lat' dir='ltr'><strong>in</strong></span> <span class='ocrx_word' id='word_1_185' title='bbox 621 4769 878 4870; x_wconf 81' lang='lat' dir='ltr'><strong>perenchyma</strong></span> <span class='ocrx_word' id='word_1_186' title='bbox 903 4768 1058 4842; x_wconf 80' lang='lat' dir='ltr'><strong>innunt.</strong></span> <span class='ocrx_word' id='word_1_187' title='bbox 1096 4767 1305 4843; x_wconf 87' lang='lat' dir='ltr'><strong>lnsularum</strong></span> <span class='ocrx_word' id='word_1_188' title='bbox 1329 4765 1570 4845; x_wconf 78' lang='lat' dir='ltr'><strong>sonnationis</strong></span> <span class='ocrx_word' id='word_1_189' title='bbox 1602 4765 1642 4838; x_wconf 90' lang='lat' dir='ltr'><strong>in</strong></span> <span class='ocrx_word' id='word_1_190' title='bbox 1667 4764 1849 4858; x_wconf 89' lang='lat' dir='ltr'><strong>cobitide‚</strong></span> <span class='ocrx_word' id='word_1_191' title='bbox 1877 4771 1939 4842; x_wconf 87' lang='lat' dir='ltr'><strong>cui</strong></span> <span class='ocrx_word' id='word_1_192' title='bbox 1961 4795 2060 4846; x_wconf 83' lang='lat' dir='ltr'><strong>rasa</strong></span> 
     </span>
    </p>
   </div>
   <div class='ocr_carea' id='block_1_14' title="bbox 358 4917 2050 5130">
    <p class='ocr_par' dir='ltr' id='par_1_17' title="bbox 358 4917 2050 5130">
     <span class='ocr_line' id='line_1_27' title="bbox 358 4917 2050 5023; baseline 0.003 -28"><span class='ocrx_word' id='word_1_193' title='bbox 358 4921 538 4998; x_wconf 77' lang='lat' dir='ltr'><strong>facillime</strong></span> <span class='ocrx_word' id='word_1_194' title='bbox 564 4920 820 5016; x_wconf 79' lang='lat' dir='ltr'><strong>resolvuntur,</strong></span> <span class='ocrx_word' id='word_1_195' title='bbox 846 4921 1175 5023; x_wconf 83' lang='lat' dir='ltr'><strong>frequentissimae</strong></span> <span class='ocrx_word' id='word_1_196' title='bbox 1200 4921 1464 5014; x_wconf 82' lang='lat' dir='ltr'><strong>admirandae,</strong></span> <span class='ocrx_word' id='word_1_197' title='bbox 1490 4920 1641 5022; x_wconf 87' lang='lat' dir='ltr'><strong>saepius</strong></span> <span class='ocrx_word' id='word_1_198' title='bbox 1666 4919 1757 4994; x_wconf 90' lang='lat' dir='ltr'><strong>mihi</strong></span> <span class='ocrx_word' id='word_1_199' title='bbox 1782 4917 1854 4995; x_wconf 79' lang='lat' dir='ltr'><strong>suit</strong></span> <span class='ocrx_word' id='word_1_200' title='bbox 1886 4921 2050 5000; x_wconf 85' lang='lat' dir='ltr'><strong>occasio.</strong></span> 
     </span>
     <span class='ocr_line' id='line_1_28' title="bbox 1356 5052 1422 5130; baseline 0 -33"><span class='ocrx_word' id='word_1_201' title='bbox 1356 5066 1377 5130; x_wconf 73' lang='lat'>3</span> <span class='ocrx_word' id='word_1_202' title='bbox 1400 5052 1422 5097; x_wconf 75' lang='lat' dir='ltr'><strong>s</strong></span> 
     </span>
    </p>
   </div>
   <div class='ocr_carea' id='block_1_15' title="bbox 0 0 2428 6194">
    <p class='ocr_par' dir='ltr' id='par_1_18' title="bbox 0 0 2428 6194">
     <span class='ocr_line' id='line_1_29' title="bbox 0 0 2428 6194; baseline 0 2"><span class='ocrx_word' id='word_1_203' title='bbox 0 0 2428 6194; x_wconf 95' lang='lat' dir='ltr'><strong> </strong></span> 
     </span>
    </p>
   </div>
  </div>
 </body>
</html>
