4848 6194
1196 611 1243 695 61

276 831 364 898 ato.
532 791 600 894 llis
615 813 825 894 sanationis
838 815 985 919 legibus
1003 820 1144 913 relatis,
1165 819 1419 924 experimenta
1434 819 1581 922 singula
1594 845 1869 918 enarrare,uon
1888 847 1984 926 opus
1994 839 2063 900 est.

366 970 465 1050 Nam
481 937 804 1074 metamorphoses
822 972 870 1047 ad
889 973 1100 1070 terminum,
1123 1000 1235 1075 quern
1254 975 1303 1049 ad
1318 974 1431 1048 finem
1445 975 1584 1076 prioris
1602 945 1722 1052 stadii
1734 976 1959 1078 adtigerunt,
1973 1002 2063 1080 pro·

367 1127 504 1222 fectae,
515 1113 673 1202 cunetae
686 1153 763 1200 uno
777 1128 926 1202 tramite
937 1127 1046 1202 citius
1058 1089 1281 1238 seu'tardius
1296 1129 1345 1204 ad
1358 1129 1586 1205 solutionem
1596 1131 1896 1231 progrediuntur.
1922 1131 2062 1206 Murius

366 1279 505 1372 Sodae,
531 1279 649 1382 frigus
662 1333 673 1374 ,
702 1278 811 1354 acida
836 1281 999 1375 leviora,
1035 1280 1156 1358 levior
1178 1308 1267 1356 usus
1292 1283 1488 1360 Alcoholis
1512 1307 1558 1358 ae
1581 1283 1749 1358 muniatis
1774 1283 1997 1358 Ammomae
2023 1299 2063 1359 et

363 1431 480 1506 multa
506 1431 580 1506 alia
605 1431 676 1508 sub
703 1435 815 1510 certis
842 1434 1127 1530 conditionibus
1153 1452 1272 1513 stases
1298 1437 1618 1544 circumscriptas,
1644 1434 1756 1510 nullis
1782 1435 1957 1512 obsessas
1982 1453 2060 1510 tur·

362 1584 423 1660 bis
446 1585 713 1692 ulterioribus,
746 1588 975 1690 relinquunt.
1034 1591 1116 1663 Hae
1140 1582 1284 1692 impetu
1306 1615 1329 1663 a
1353 1608 1460 1690 tergo
1487 1589 1726 1692 dissipantur.
1791 1589 1952 1664 Aetione
1977 1613 2061 1688 gra·

362 1740 468 1815 tiore
478 1739 640 1842 frigoris,
650 1740 856 1836 Aleobolis,
866 1741 1274 1836 muriatisAmmoniae‚
1285 1741 1479 1818 aridorum
1489 1759 1558 1815 ete.
1570 1741 2061 1846 praegressa,parenchyma

361 1893 481 1994 magis
496 1893 544 1967 ab
559 1893 760 1970 affectione
784 1896 917 1972 critica
935 1896 1109 1992 laeditur,
1136 1923 1234 2000 quae
1250 1898 1521 2002 suppuratione
1536 1896 1754 1969 imminente
1763 1949 1774 1987 ,
1802 1894 1943 1970 sensim
1958 1919 2062 1968 com·

357 2047 523 2148 ponitur.
568 2049 793 2125 Ammoniae
808 2051 996 2125 causticae
1019 2051 1211 2127 actionem
1233 2052 1393 2156 ,vulnera
1418 2047 1813 2150 gravissima'saepius
1838 2063 2058 2146 sequuntur.

357 2199 495 2274 Ulcera
509 2225 612 2294 vero,
639 2228 663 2275 a
678 2203 836 2276 muriate
853 2203 967 2304 oxydi
981 2203 1203 2308 hydrargyri
1219 2223 1313 2300 orta,
1340 2201 1455 2280 crisin
1478 2200 1630 2304 penitus
1655 2227 1735 2274 non
1760 2197 1956 2275 absolvere
1970 2197 2058 2274 ridi.

266 2395 354 2463 241.
524 2379 621 2454 Crisi
645 2353 810 2482 peracta,
831 2355 1017 2456 ¹normalis
1041 2385 1205 2486 partium
1230 2401 1349 2463 status
1379 2381 1603 2458 restituitur.
1674 2381 1824 2473 Motus,
1874 2376 1979 2453 unda
2020 2394 2060 2454 et

357 2531 572 2609 distributio
598 2537 792 2634 sanguinis
817 2541 1006 2616 normales
1032 2559 1141 2638 sunt3
1176 2538 1327 2618 indoles
1352 2537 1548 2639 sanguinis
1573 2554 1611 2610 et
1634 2532 1938 2636 parenchymatis
1961 2533 2057 2606 inte·

355 2712 423 2787 gra
449 2705 516 2774 est.
594 2687 673 2762 Sed
699 2716 871 2766 rasorum
895 2693 1060 2796 parietes
1084 2694 1286 2795 pristinum
1307 2711 1477 2767 tenorent
1502 2689 1672 2764 nondum
1694 2684 1990 2786 recuperabant,
2017 2701 2057 2759 et

354 2839 506 2916 illorum
528 2842 708 2917 relaxatio
733 2868 804 2943 per
826 2842 977 2944 longius
1002 2864 1150 2948 tempus
1174 2862 1331 2948 perstat,
1359 2843 1483 2917 donec
1509 2841 1650 2916 sensim
1674 2839 1894 2937 corrigatur.
1915 2809 1919 2814 Ι
1946 2840 2054 2914 Haeo

350 2991 533 3069 relaxatio
560 2995 615 3068 nil
638 2995 808 3071 morbosi
832 3022 925 3099 prae
951 3023 993 3072 se
1029 2997 1126 3086 fert,
1166 3016 1210 3073 et·
1231 3022 1362 3072 omnes
1391 2993 1603 3098 systematis
1628 2991 1825 3092 sanguinei
1849 3008 2053 3067 metamor·

350 3146 492 3250 pheses
508 3147 689 3247 sequitur.
728 3147 866 3222 Levior
881 3149 942 3263 nel
958 3149 1144 3224 intensior
1162 3167 1222 3229 est
1236 3176 1307 3253 pro
1325 3147 1536 3224 allectionis
1550 3169 1793 3250 praegressae
1805 3145 2048 3245 ¹conditione.
2130 3200 2135 3208 -
2212 3223 2232 3253 ⁴

347 3596 424 3684 De
452 3589 740 3706 inflexuram
768 3590 965 3684 actione
994 3589 1049 3680 in
1077 3591 1307 3704 partibus
1327 3591 1441 3706 jam
1470 3581 1681 3718 affectis.
1741 3591 1829 3708 Dej
1850 3590 2053 3686 actione·

955 3757 1442 3860 medicamentorum.
1825 3740 1828 3754 ¹

257 3989 348 4056 242.
486 3963 583 4056 ‚Fit
607 3979 651 4037 ut
673 3987 808 4056 ranae,
844 3989 889 4037 ex
914 3957 1182 4064 agitationibus
1206 3961 1379 4066 repetitis
1404 3987 1472 4040 sea
1497 3957 1697 4036 influxibus
1722 3960 1807 4037 aliis
1831 3961 2043 4056 exhaustae,

340 4111 581 4190 affectionem
609 4115 799 4216 quandam
825 4115 1091 4208 intensiorem,
1133 4139 1207 4216 per
1239 4131 1358 4188 totum
1391 4113 1645 4214 orgae-ismum
1684 4139 1907 4230 expansam,
1951 4140 2043 4189 eon·

339 4267 533 4346 manarint.
584 4267 627 4342 Si
652 4266 810 4344 influxus
836 4270 949 4364 nori,
990 4267 1059 4342 tali
1085 4255 1286 4346 allectione
1308 4268 1386 4370 jam
1411 4284 1631 4372 praesente,
1668 4284 1803 4367 agunt,
1841 4283 2042 4342 metamor·

338 4423 481 4524 phasea
505 4421 619 4522 longe
645 4420 740 4497 aliao'
764 4421 868 4498 haud
890 4422 1049 4515 faustae,
1077 4445 1123 4497 ae
1149 4421 1248 4517 illae,
1275 4446 1369 4524 qaas
1394 4421 1563 4524 exposui,
1590 4419 1797 4496 acciuntur.
1849 4419 1973 4522 Quum
1996 4418 2039 4492 in

302 4637 305 4644 .
342 4574 452 4649 initio
478 4571 579 4650 forte
612 4575 653 4650 in
675 4576 777 4654 ranis
800 4577 878 4680 jam
903 4575 1185 4678 aegrotantibus
1209 4577 1337 4652 varios
1360 4575 1617 4650 adhibuissem
1640 4569 1812 4666 influxus,
1837 4570 1947 4648 valde
1971 4571 2038 4646 mi·

338 4745 443 4804 ratus
467 4753 567 4822 sum,
595 4753 657 4804 ma
680 4727 795 4832 longe
819 4731 931 4807 aliam
955 4731 1106 4808 illomm
1129 4727 1300 4807 inveniro
1322 4727 1533 4822 notionem,
1567 4753 1613 4804 ao
1639 4751 1723 4804 esse
1749 4723 1890 4804 soleret
1896 4751 1911 4822 3
1948 4747 2035 4814 nee,

342 4881 436 4983 quid
459 4883 502 4956 in
527 4905 642 4960 eausa
666 4897 778 4980 esset,
802 4886 905 4960 nori.
