4800 6194
930 1621 1483 1770 Pstrsil·⁵

326 1868 603 1957 Destntu
631 1857 965 1984 sanguinis
992 1864 1050 1949 et
1076 1881 1378 1947 vasorum
1407 1853 1473 1946 in
1505 1853 2024 1978 inflammatione

1002 2029 1352 2120 morboso

243 2525 325 2608 ¹⁴⁶·
495 2485 596 2630 Sub
620 2542 927 2622 inflammationis
957 2541 1160 2619 morbosae
1191 2539 1347 2616 nomine
1379 2562 1511 2615 omnes
1544 2535 1759 2641 complexus
1792 2565 1874 2614 sum
1907 2557 2025 2615 status

328 2693 658 2792 inflammatorios,
685 2725 731 2774 er
755 2697 1045 2802 quibuscunque
1077 2696 1222 2787 causis,
1254 2718 1354 2796 quoe
1384 2693 1637 2793 organismum
1669 2690 1873 2766 multifarie
1906 2692 2025 2768 offen-

330 2859 454 2951 dunt,
479 2857 574 2958 quin
596 2849 761 2956 partium
785 2851 1072 2926 continuitatem
1105 2848 1273 2939 solvant,
1312 2864 1430 2921 ortos.
1489 2854 1543 2919 Eo
1569 2860 1658 2920 sunt
1681 2844 1871 2944 insignes,
1907 2865 1969 2936 ut,
2003 2872 2026 2920 a

325 3013 416 3088 loeo
442 3027 549 3086 serto
572 3005 754 3111 proiecti,
778 3003 820 3076 in
848 3002 1047 3078 circuitum
1064 3000 1163 3102 plus,
1187 3000 1312 3076 minus
1329 2997 1493 3102 emplum
1504 3015 1779 3100 propagentur,
1806 3000 1882 3073 imo
1908 3015 2027 3074 totum

326 3163 483 3266 aggredi
506 3163 658 3266 possint
680 3175 846 3262 systema
868 3155 1126 3256 sanguineum.

241 3383 325 3445 ¹42,
492 3346 617 3442 ngos
642 3341 830 3442 adscripsi
856 3336 1144 3412 inflammationi
1167 3333 1369 3412 morbosae
1394 3332 1513 3428 finees
1535 3333 1607 3408 sed
1633 3335 1723 3434 qnia
1747 3335 1796 3408 de
1820 3333 2025 3410 inflamma·

325 3495 442 3570 tionis
467 3496 641 3586 nomine,
666 3496 723 3567 uti
744 3494 823 3593 jam
843 3491 1067 3580 memoravi,
1090 3487 1161 3562 sub
1185 3488 1314 3585 judice
1339 3459 1463 3562 esibus
1487 3487 1536 3559 lis
1562 3504 1643 3577 est,
1669 3487 1718 3561 do
1741 3489 1897 3562 nomine
1920 3487 2024 3562 baud

326 3658 486 3739 cursus,
513 3671 647 3721 omues
672 3645 884 3746 systematis
909 3643 1107 3742 sanguinei
1138 3641 1488 3743 metamorphoses,
1513 3641 1553 3714 in
1587 3656 1767 3739 quantum
1792 3639 1903 3731 lieet,
1929 3641 2022 3713 mibi

326 3799 614 3900 investigandus
641 3821 748 3888 etse,
778 3796 1001 3888 aestimari,
1028 3813 1072 3870 ut
1096 3819 1142 3869 ex
1162 3821 1301 3893 magua
1332 3794 1683 3896 phaenomenorum
1714 3792 1816 3866 serie
1840 3791 1914 3868 sibi
1937 3787 2024 3896 vipse

251 3943 254 3950 ¹
327 3955 501 4054 quisque,
525 3951 632 4053 quod
658 3951 945 4026 inflammationi
969 3967 1035 4025 aut
1058 3948 1236 4038 tribuere,
1260 3967 1325 4022 aut
1348 3973 1426 4022 nou
1453 3947 1620 4020 tribuere
1645 3943 1746 4034 velit,
1773 3945 1897 4044 eliget.
1924 3945 2017 4020 ideo

326 4108 368 4180 iu
393 4131 526 4180 omnes
551 4130 575 4179 s
592 4090 956 4196 'minimovasorum
979 4121 1133 4202 uergere
1158 4099 1352 4201 usquead
1378 4099 1724 4174 vehementissimus
1740 4095 1889 4172 illorum
1912 4096 2024 4174 affec·
2052 4205 2058 4212 Ι
2120 4151 2125 4156 -

327 4260 479 4351 tiones,
505 4257 642 4358 quibus
668 4260 746 4332 cito
773 4258 1008 4356 organismos
1032 4255 1205 4346 solvitur,
1231 4269 1414 4328 attentum
1435 4251 1606 4326 converti
1629 4252 1803 4326 animum

242 4478 322 4545 ¹43,
491 4439 569 4511 Tot
593 4436 849 4538 experimenta
871 4459 944 4536 pro
967 4433 1114 4534 ingenti
1137 4433 1340 4508 iniluxuum
1356 4407 1505 4534 agmine
1518 4433 1613 4510 mibi
1636 4457 1716 4506 nou
1741 4433 2021 4534 praestituunt,
2180 4431 2186 4441 ’

328 4611 443 4694 quot,
466 4611 509 4668 ut
532 4592 624 4665 iude
648 4589 826 4692 synopsis
850 4587 1209 4688 metamorphosim
1226 4590 1439 4689 systematis
1457 4589 1653 4690 sanguinei
1679 4587 1886 4690 perfectior
1904 4613 2022 4664 emer·

327 4746 461 4834 sisset,
486 4745 706 4820 necessaria
738 4743 920 4836 inissent,
948 4762 987 4818 ot
1012 4743 1072 4816 rix
1093 4741 1207 4820 ssoeei
1230 4741 1409 4818 habenda
1432 4759 1543 4838 sunt3
1568 4759 1733 4818 onumen
1767 4742 1817 4816 ad
1841 4759 2021 4818 tractatus
2101 4841 2104 4846 A

329 4895 441 4968 finem
465 4897 558 4997 ipsi,
584 4896 747 4974 tectores
770 4895 966 4988 benevoli,
992 4895 1193 4996 judicetis,
1228 4921 1395 4996 quaeso,
1430 4922 1479 4970 au
1514 4923 1594 4972 uon
1624 4893 1830 4986 sufficiant,
1865 4913 1907 4968 ut
1932 4895 2023 4970 iude

1295 5037 1315 5099 5
