4800 6194
1218 521 1266 602 56

264 805 276 828 ,
310 717 391 801 156.
470 729 513 827 4)
538 731 881 834 Metamorphoses,
908 751 1006 830 quas
1031 728 1073 802 in
1096 725 1156 800 his
1183 689 1346 828 organis¹
1359 726 1603 850 erolrunnrr,
1629 731 1856 813 evolationis
1871 755 1962 846 typo
1990 762 2092 823 certo

398 883 587 986 gaudent,
608 911 721 987 quem
747 883 818 959 snb
842 871 1046 960 momentis
1070 880 1316 985 sequentibus
1342 878 1556 990 designaris

451 1129 457 1136 ,
557 1042 601 1136 α)
624 1056 818 1114 momento
843 1021 1050 1131 tensionis,
1515 1018 1517 1024 '
1585 991 1591 1004 ἱ

557 1191 597 1292 b)
621 1210 814 1270 momento
837 1191 1080 1286 inerementi,

546 1347 806 1444 o)momento
830 1299 1146 1448 perturbationis,
1221 1401 1223 1404 -

544 1499 588 1598 d)
613 1517 808 1575 momento
834 1516 995 1578 stessos.

296 1658 375 1726 ¹57.
459 1652 498 1752 5)
525 1652 669 1729 ladolis
693 1652 886 1734 unbnum
912 1652 988 1732 duo
1013 1652 1251 1756 potissimam
1276 1605 1475 1730 observavi
1497 1653 1832 1758 momentaj‘quee
1859 1657 1908 1736 ab
1934 1659 2081 1738 illarum
2115 1629 2125 1652 ⁸

377 1805 548 1912 pendent
572 1807 726 1884 ambitu.
763 1807 860 1886 Sunt
886 1809 950 1885 sut

537 1987 583 2093 a)
608 1989 779 2094 topicae,
805 1990 894 2066 dum
919 1991 961 2064 in
983 1987 1073 2066 loeo
1094 1989 1256 2092 primum
1280 2005 1383 2066 tacto
1409 1987 1494 2065 solo
1519 1989 1698 2084 haerent,
1724 2007 1791 2066 aet

542 2145 580 2240 b)
602 2144 712 2248 plus,
733 2145 857 2220 minus
883 2169 1091 2248 expansae,
1119 2143 1209 2219 dum
1232 2168 1257 2217 a
1279 2142 1368 2218 loeo
1393 2159 1496 2218 tacto
1521 2142 1617 2253 plns,
1643 2141 1768 2218 minus
1801 2145 2074 2250 expanduntur.

449 2323 494 2422 ὁ)
521 2323 653 2402 Omnis
679 2325 853 2414 affectio,
878 2327 1016 2428 topica,
1035 2345 1072 2401 et
1109 2325 1196 2420 illa,
1232 2347 1331 2425 quae
1370 2345 1536 2426 exprme
1568 2338 1648 2415 eat,
1686 2323 1799 2400 sicuti
1830 2325 1871 2399 in
1905 2329 2077 2428 quolibet
2114 2395 2118 2406 ,

375 2473 528 2571 ambitu,
554 2477 669 2552 etiam
693 2479 735 2552 in
759 2479 864 2555 omni
880 2478 1107 2555 evolutionis
1134 2475 1254 2579 gradu
1269 2476 1428 2554 retineri
1452 2492 1591 2579 potest,
1616 2475 1756 2571 ita,·ut
1769 2480 1964 2579 prioribus,
1983 2511 2075 2558 oon·

313 2698 319 2714 ,
372 2627 496 2727 fectis,
520 2629 653 2709 ultima
675 2657 753 2710 non
776 2611 934 2737 amplius
960 2631 1130 2734 adtingat
1152 2629 1288 2706 stadia.

287 2832 368 2900 150.
447 2808 491 2914 t)
516 2777 983 2916 Turbaeferpendendee,
1005 2809 1289 2914 qualescunque
1313 2811 1409 2905 sint,
1436 2828 1619 2914 apunoto
1638 2829 1743 2888 nerto
1766 2764 2092 2916 prolioissuntor,
2165 2881 2168 2892 .

370 2982 409 3039 et
434 2966 487 3040 ita
511 2965 654 3070 ubique
678 2984 956 3072 propagantur,
988 2981 1031 3038 ut
1056 2989 1208 3057 omnes,
1247 2965 1313 3064 qui
1344 2981 1570 3064 sequuntur,
1594 2957 1786 3039 orbarum
1809 2968 1947 3067 gradm
1973 2996 2080 3046 seme

369 3144 439 3222 per
465 3143 488 3193 a
511 3116 603 3194 loeo
627 3118 751 3224 primo
775 3117 881 3194 laeso
908 3118 1100 3212 oriantur,
1127 3116 1216 3192 dum
1231 3114 1374 3225 ¹turbae
1399 3097 1647 3218 primigeniae
1680 3135 1719 3191 et
1741 3113 1904 3198 leviores
1937 3149 2067 3200 versus

367 3271 622 3375 peripheriam
646 3273 766 3375 magis
789 3267 1284 3374 magisqueerpandantur.
1336 3268 1552 3346 Secundum
1587 3269 1747 3344 eandem
1777 3271 1900 3372 legem
1936 3302 2069 3352 omnes

366 3425 693 3530 metamorphosss
716 3451 740 3503 s
760 3427 859 3504 vasis
884 3423 1126 3528 capillarihus
1160 3439 1284 3498 ortum
1311 3421 1471 3514 ducunt,
1498 3447 1521 3496 a
1548 3420 1685 3522 quibua
1722 3423 1772 3498 ad
1805 3450 1921 3502 venas
1955 3431 2066 3503 mini·
2100 3409 2103 3414 ⁵

364 3607 467 3675 mas,
492 3599 572 3656 tum
597 3579 848 3668 tintenias,
876 3597 914 3655 et
940 3579 1030 3654 dein
1055 3575 1106 3652 ad
1130 3599 1221 3654 rasa
1244 3574 1391 3675 majora
1414 3573 1728 3678 proficiscuntur.'
1812 3601 1815 3608 ’

256 3747 365 3873 439,
533 3759 951 3863 Legibus‚‘seeun(lum
976 3783 1071 3859 qaas
1097 3722 1229 3872 omnes
1263 3754 1476 3856 systematis
1511 3753 1710 3882 sanguinei
1740 3757 2063 3860 metamorphoses
2126 3785 2128 3790 ’

251 3909 257 3929 ’
367 3919 408 3992 io
434 3913 557 3992 stadio
584 3915 793 3992 invasionis
810 3911 1043 4004 erolsuntur,
1067 3907 1210 4006 relatis,
1236 3932 1338 3984 nuno
1354 3905 1715 4004 metamorphosium
1738 3907 1904 4008 ipsarum
1923 3939 2063 4015 synop.

326 4053 331 4059 ⁵
363 4070 422 4146 ain
448 4066 606 4161 tradam,
633 4091 791 4170 warum
816 4079 1009 4143 momenta
1033 4060 1256 4138 essentialia
1275 4060 1315 4134 in
1329 4061 1485 4146 ieonum
1505 4057 1634 4134 tabula
1658 4061 1792 4160 quinta
1816 4062 2058 4166 depingenda

166 4299 168 4310 ,
250 4249 257 4265 ‘
321 4243 325 4252 ·
361 4221 526 4325 suscepi.
552 4221 875 4327 Metamorphoses
892 4199 1104 4323 systematis
1118 4212 1316 4317 sanguinei
1341 4215 1382 4288 in
1400 4213 1525 4291 stadio
1545 4213 1732 4290 tensionis
1759 4215 1916 4330 eaetiem
1946 4237 2059 4294 sunta

358 4375 403 4474 o)
429 4377 464 4451 si
486 4365 636 4452 affectio
661 4374 703 4449 in
725 4374 815 4476 loeo
841 4371 891 4452 ab
915 4369 1058 4448 influxu
1081 4379 1198 4464 teoto,
1225 4369 1308 4448 solo
1334 4337 1477 4462 haeret,
1507 4395 1575 4446 seu
1599 4367 1729 4470 topica
1756 4385 1835 4466 est,
1865 4369 1925 4445 rel
1956 4373 1995 4469 b)
2023 4373 2055 4446 si

360 4521 511 4604 affectio
535 4528 576 4602 in
601 4527 782 4605 ambitum
804 4527 979 4604 letiorem
998 4542 1240 4630 pnopegetur.
1280 4525 1325 4600 V.
1351 4515 1429 4623 Flg.
1455 4519 1516 4605 26·
2061 4487 2065 4494 ¹

279 4739 358 4822 160·
524 4711 649 4786 Motus
674 4707 868 4810 sanguinis
893 4704 1147 4798 acceleratur,
1171 4705 1321 4811 plenior
1337 4701 1461 4778 affluit
1477 4700 1593 4792 ‚uada
1606 4755 1618 4794 ,
1655 4726 1732 4804 qua
1765 4703 1901 4781 mirum
1936 4721 2055 4806 quan.

332 4849 337 4860 ’
363 4881 441 4938 tum
464 4887 639 4940 rasorum
663 4835 825 4940 ambitus
850 4877 888 4936 st
911 4851 1086 4939 volumen
1112 4877 1306 4962 argentm,
1334 4875 1372 4934 et
1386 4853 1542 4960 globuli,
1567 4855 1607 4929 in
1633 4873 1733 4932 statu
1755 4856 1917 4932 normali
1940 4858 2054 4934 variis
