<?xml version="1.0" encoding="UTF-8"?>
<!DOCTYPE html PUBLIC "-//W3C//DTD XHTML 1.0 Transitional//EN"
    "http://www.w3.org/TR/xhtml1/DTD/xhtml1-transitional.dtd">
<html xmlns="http://www.w3.org/1999/xhtml" xml:lang="en" lang="en">
 <head>
  <title>
</title>
<meta http-equiv="Content-Type" content="text/html;charset=utf-8" />
  <meta name='ocr-system' content='tesseract 3.04.00' />
  <meta name='ocr-capabilities' content='ocr_page ocr_carea ocr_par ocr_line ocrx_word'/>
</head>
<body>
  <div class='ocr_page' id='page_1' title='image "./experimentacirc00kaltgoog_0084.png"; bbox 0 0 4836 6188; ppageno 0'>
   <div class='ocr_carea' id='block_1_1' title="bbox 1167 575 1213 642">
    <p class='ocr_par' dir='ltr' id='par_1_1' title="bbox 1167 575 1213 642">
     <span class='ocr_line' id='line_1_1' title="bbox 1167 575 1213 642; baseline 0 0"><span class='ocrx_word' id='word_1_1' title='bbox 1167 575 1213 642; x_wconf 77' lang='grc' dir='ltr'><strong>’Ζὸ</strong></span> 
     </span>
    </p>
   </div>
   <div class='ocr_carea' id='block_1_2' title="bbox 253 757 2185 872">
    <p class='ocr_par' dir='ltr' id='par_1_2' title="bbox 253 757 2185 872">
     <span class='ocr_line' id='line_1_2' title="bbox 253 757 2185 872; baseline -0.008 -30"><span class='ocrx_word' id='word_1_2' title='bbox 253 776 339 842; x_wconf 81' lang='lat'><strong>284·</strong></span> <span class='ocrx_word' id='word_1_3' title='bbox 508 763 616 840; x_wconf 80' lang='lat' dir='ltr'><strong>Statu</strong></span> <span class='ocrx_word' id='word_1_4' title='bbox 646 785 740 838; x_wconf 86' lang='lat' dir='ltr'><strong>sano</strong></span> <span class='ocrx_word' id='word_1_5' title='bbox 775 763 816 838; x_wconf 88' lang='lat' dir='ltr'><strong>in</strong></span> <span class='ocrx_word' id='word_1_6' title='bbox 847 765 993 840; x_wconf 84' lang='lat' dir='ltr'><strong>cunctis</strong></span> <span class='ocrx_word' id='word_1_7' title='bbox 1025 763 1175 864; x_wconf 85' lang='lat' dir='ltr'><strong>organis</strong></span> <span class='ocrx_word' id='word_1_8' title='bbox 1204 779 1243 836; x_wconf 91' lang='lat' dir='ltr'><strong>et</strong></span> <span class='ocrx_word' id='word_1_9' title='bbox 1274 757 1518 848; x_wconf 85' lang='lat' dir='ltr'><strong>animalibus,</strong></span> <span class='ocrx_word' id='word_1_10' title='bbox 1557 761 1598 836; x_wconf 89' lang='lat' dir='ltr'><strong>in</strong></span> <span class='ocrx_word' id='word_1_11' title='bbox 1632 759 1922 862; x_wconf 71' lang='lat' dir='ltr'><strong>quibuscunque</strong></span> <span class='ocrx_word' id='word_1_12' title='bbox 1954 781 2060 848; x_wconf 22' lang='lat' dir='ltr'><strong>ean-1</strong></span> <span class='ocrx_word' id='word_1_13' title='bbox 2180 861 2185 872; x_wconf 33' lang='grc'><strong>.</strong></span> 
     </span>
    </p>
   </div>
   <div class='ocr_carea' id='block_1_3' title="bbox 342 889 2039 1480">
    <p class='ocr_par' dir='ltr' id='par_1_3' title="bbox 342 889 2039 1480">
     <span class='ocr_line' id='line_1_3' title="bbox 342 889 2039 1020; baseline -0.005 -24"><span class='ocrx_word' id='word_1_14' title='bbox 342 917 470 1020; x_wconf 79' lang='lat' dir='ltr'><strong>guinis</strong></span> <span class='ocrx_word' id='word_1_15' title='bbox 496 917 677 992; x_wconf 87' lang='lat' dir='ltr'><strong>circulum</strong></span> <span class='ocrx_word' id='word_1_16' title='bbox 700 915 917 1008; x_wconf 75' lang='lat' dir='ltr'>observavi,</span> <span class='ocrx_word' id='word_1_17' title='bbox 951 941 1085 992; x_wconf 85' lang='lat' dir='ltr'><strong>omnes</strong></span> <span class='ocrx_word' id='word_1_18' title='bbox 1109 917 1304 1016; x_wconf 82' lang='lat' dir='ltr'><strong>sanguinis</strong></span> <span class='ocrx_word' id='word_1_19' title='bbox 1323 915 1435 992; x_wconf 74' lang='lat' dir='ltr'><strong>rivuli</strong></span> <span class='ocrx_word' id='word_1_20' title='bbox 1456 913 1601 1010; x_wconf 79' lang='lat' dir='ltr'><strong>minimi</strong></span> <span class='ocrx_word' id='word_1_21' title='bbox 1626 914 1787 1015; x_wconf 87' lang='lat' dir='ltr'><strong>pariter,</strong></span> <span class='ocrx_word' id='word_1_22' title='bbox 1814 939 1860 988; x_wconf 86' lang='lat' dir='ltr'><strong>ae</strong></span> <span class='ocrx_word' id='word_1_23' title='bbox 1887 889 2039 990; x_wconf 80' lang='lat' dir='ltr'><strong>maximi</strong></span> 
     </span>
     <span class='ocr_line' id='line_1_4' title="bbox 343 1064 2037 1174; baseline -0.005 -26"><span class='ocrx_word' id='word_1_24' title='bbox 343 1075 455 1148; x_wconf 83' lang='lat' dir='ltr'><strong>tertis</strong></span> <span class='ocrx_word' id='word_1_25' title='bbox 473 1071 638 1174; x_wconf 77' lang='lat' dir='ltr'><strong>gaudent</strong></span> <span class='ocrx_word' id='word_1_26' title='bbox 660 1068 867 1162; x_wconf 84' lang='lat' dir='ltr'><strong>canalibus,</strong></span> <span class='ocrx_word' id='word_1_27' title='bbox 895 1070 972 1170; x_wconf 84' lang='lat' dir='ltr'><strong>qui,</strong></span> <span class='ocrx_word' id='word_1_28' title='bbox 998 1069 1089 1144; x_wconf 86' lang='lat' dir='ltr'><strong>lieet</strong></span> <span class='ocrx_word' id='word_1_29' title='bbox 1114 1069 1182 1144; x_wconf 81' lang='lat' dir='ltr'><strong>sub</strong></span> <span class='ocrx_word' id='word_1_30' title='bbox 1206 1069 1364 1144; x_wconf 85' lang='lat' dir='ltr'><strong>dirersis</strong></span> <span class='ocrx_word' id='word_1_31' title='bbox 1382 1064 1668 1143; x_wconf 87' lang='lat' dir='ltr'><strong>conditionibus</strong></span> <span class='ocrx_word' id='word_1_32' title='bbox 1689 1065 1788 1168; x_wconf 86' lang='lat' dir='ltr'><strong>plus,</strong></span> <span class='ocrx_word' id='word_1_33' title='bbox 1812 1065 1937 1142; x_wconf 86' lang='lat' dir='ltr'><strong>minus</strong></span> <span class='ocrx_word' id='word_1_34' title='bbox 1953 1093 2037 1142; x_wconf 86' lang='lat' dir='ltr'><strong>san·</strong></span> 
     </span>
     <span class='ocr_line' id='line_1_5' title="bbox 342 1219 2038 1328; baseline -0.003 -28"><span class='ocrx_word' id='word_1_35' title='bbox 342 1227 465 1328; x_wconf 86' lang='lat' dir='ltr'><strong>guinis</strong></span> <span class='ocrx_word' id='word_1_36' title='bbox 500 1225 705 1326; x_wconf 81' lang='lat' dir='ltr'><strong>recipient,</strong></span> <span class='ocrx_word' id='word_1_37' title='bbox 741 1239 805 1298; x_wconf 90' lang='lat' dir='ltr'><strong>aut</strong></span> <span class='ocrx_word' id='word_1_38' title='bbox 837 1221 992 1324; x_wconf 86' lang='lat' dir='ltr'><strong>penitus</strong></span> <span class='ocrx_word' id='word_1_39' title='bbox 1018 1239 1261 1316; x_wconf 69' lang='lat' dir='ltr'><strong>evacuentur,</strong></span> <span class='ocrx_word' id='word_1_40' title='bbox 1295 1245 1489 1322; x_wconf 87' lang='lat' dir='ltr'><strong>nunqnam</strong></span> <span class='ocrx_word' id='word_1_41' title='bbox 1520 1219 1752 1294; x_wconf 86' lang='lat' dir='ltr'><strong>aberrantur.</strong></span> <span class='ocrx_word' id='word_1_42' title='bbox 1802 1219 1958 1295; x_wconf 89' lang='lat' dir='ltr'><strong>Glebuli</strong></span> <span class='ocrx_word' id='word_1_43' title='bbox 1991 1245 2038 1295; x_wconf 86' lang='lat' dir='ltr'><strong>ex</strong></span> 
     </span>
     <span class='ocr_line' id='line_1_6' title="bbox 342 1337 2036 1480; baseline -0.005 -24"><span class='ocrx_word' id='word_1_44' title='bbox 342 1379 475 1456; x_wconf 83' lang='lat' dir='ltr'><strong>canale</strong></span> <span class='ocrx_word' id='word_1_45' title='bbox 496 1378 651 1480; x_wconf 78' lang='lat' dir='ltr'><strong>qutidem</strong></span> <span class='ocrx_word' id='word_1_46' title='bbox 675 1377 825 1453; x_wconf 87' lang='lat' dir='ltr'><strong>dellecti</strong></span> <span class='ocrx_word' id='word_1_47' title='bbox 840 1337 1012 1478; x_wconf 80' lang='lat' dir='ltr'><strong>pessunt,</strong></span> <span class='ocrx_word' id='word_1_48' title='bbox 1038 1375 1193 1450; x_wconf 89' lang='lat' dir='ltr'><strong>minime</strong></span> <span class='ocrx_word' id='word_1_49' title='bbox 1215 1399 1305 1451; x_wconf 79' lang='lat' dir='ltr'><strong>vero</strong></span> <span class='ocrx_word' id='word_1_50' title='bbox 1321 1373 1433 1460; x_wconf 82' lang='lat' dir='ltr'><strong>sorte,</strong></span> <span class='ocrx_word' id='word_1_51' title='bbox 1460 1371 1529 1448; x_wconf 86' lang='lat' dir='ltr'><strong>sed</strong></span> <span class='ocrx_word' id='word_1_52' title='bbox 1545 1389 1588 1446; x_wconf 89' lang='lat' dir='ltr'><strong>ut</strong></span> <span class='ocrx_word' id='word_1_53' title='bbox 1610 1398 1748 1448; x_wconf 80' lang='lat' dir='ltr'><strong>norum</strong></span> <span class='ocrx_word' id='word_1_54' title='bbox 1766 1390 1903 1474; x_wconf 87' lang='lat' dir='ltr'><strong>parent</strong></span> <span class='ocrx_word' id='word_1_55' title='bbox 1924 1399 2036 1450; x_wconf 84' lang='lat' dir='ltr'><strong>cana·</strong></span> 
     </span>
    </p>
   </div>
   <div class='ocr_carea' id='block_1_4' title="bbox 339 1525 1478 1634">
    <p class='ocr_par' dir='ltr' id='par_1_4' title="bbox 339 1525 1478 1634">
     <span class='ocr_line' id='line_1_7' title="bbox 339 1525 1478 1634; baseline -0.004 -28"><span class='ocrx_word' id='word_1_56' title='bbox 339 1533 433 1627; x_wconf 84' lang='lat' dir='ltr'><strong>leur,</strong></span> <span class='ocrx_word' id='word_1_57' title='bbox 460 1533 526 1634; x_wconf 82' lang='lat' dir='ltr'><strong>qui</strong></span> <span class='ocrx_word' id='word_1_58' title='bbox 542 1531 704 1634; x_wconf 85' lang='lat' dir='ltr'><strong>pristino</strong></span> <span class='ocrx_word' id='word_1_59' title='bbox 723 1529 852 1632; x_wconf 84' lang='lat' dir='ltr'><strong>quoad</strong></span> <span class='ocrx_word' id='word_1_60' title='bbox 875 1529 1063 1604; x_wconf 79' lang='lat' dir='ltr'><strong>tramitem</strong></span> <span class='ocrx_word' id='word_1_61' title='bbox 1080 1545 1224 1603; x_wconf 88' lang='lat' dir='ltr'><strong>certum</strong></span> <span class='ocrx_word' id='word_1_62' title='bbox 1247 1525 1381 1603; x_wconf 85' lang='lat' dir='ltr'><strong>similis</strong></span> <span class='ocrx_word' id='word_1_63' title='bbox 1407 1541 1478 1602; x_wconf 86' lang='lat' dir='ltr'><strong>est.</strong></span> 
     </span>
    </p>
   </div>
   <div class='ocr_carea' id='block_1_5' title="bbox 250 1671 2068 3040">
    <p class='ocr_par' dir='ltr' id='par_1_5' title="bbox 250 1671 2068 2878">
     <span class='ocr_line' id='line_1_8' title="bbox 250 1671 2034 1812; baseline -0.003 -25"><span class='ocrx_word' id='word_1_64' title='bbox 250 1717 340 1788; x_wconf 77' lang='lat'><strong>28⁵.</strong></span> <span class='ocrx_word' id='word_1_65' title='bbox 505 1709 584 1786; x_wconf 84' lang='lat' dir='ltr'><strong>Sed</strong></span> <span class='ocrx_word' id='word_1_66' title='bbox 607 1735 800 1812; x_wconf 82' lang='lat' dir='ltr'><strong>nunquam</strong></span> <span class='ocrx_word' id='word_1_67' title='bbox 822 1707 1011 1784; x_wconf 87' lang='lat' dir='ltr'><strong>canalium</strong></span> <span class='ocrx_word' id='word_1_68' title='bbox 1025 1671 1240 1803; x_wconf 77' lang='lat' dir='ltr'><strong>mineram,</strong></span> <span class='ocrx_word' id='word_1_69' title='bbox 1267 1707 1332 1808; x_wconf 84' lang='lat' dir='ltr'><strong>qui</strong></span> <span class='ocrx_word' id='word_1_70' title='bbox 1360 1723 1438 1782; x_wconf 85' lang='lat' dir='ltr'><strong>tam</strong></span> <span class='ocrx_word' id='word_1_71' title='bbox 1451 1707 1657 1780; x_wconf 73' lang='lat' dir='ltr'><strong>&#39;suenuea</strong></span> <span class='ocrx_word' id='word_1_72' title='bbox 1681 1704 1845 1806; x_wconf 83' lang='lat' dir='ltr'><strong>globulis</strong></span> <span class='ocrx_word' id='word_1_73' title='bbox 1871 1707 1919 1782; x_wconf 87' lang='lat' dir='ltr'><strong>in&#39;</strong></span> <span class='ocrx_word' id='word_1_74' title='bbox 1935 1725 2034 1784; x_wconf 87' lang='lat' dir='ltr'><strong>statu</strong></span> 
     </span>
     <span class='ocr_line' id='line_1_9' title="bbox 335 1859 2032 1966; baseline -0.004 -24"><span class='ocrx_word' id='word_1_75' title='bbox 335 1890 430 1942; x_wconf 83' lang='lat' dir='ltr'><strong>sano</strong></span> <span class='ocrx_word' id='word_1_76' title='bbox 457 1881 674 1958; x_wconf 84' lang='lat' dir='ltr'><strong>serrantur,</strong></span> <span class='ocrx_word' id='word_1_77' title='bbox 707 1862 874 1966; x_wconf 83' lang='lat' dir='ltr'><strong>parietes</strong></span> <span class='ocrx_word' id='word_1_78' title='bbox 893 1863 1069 1966; x_wconf 80' lang='lat' dir='ltr'><strong>proprios</strong></span> <span class='ocrx_word' id='word_1_79' title='bbox 1091 1861 1190 1954; x_wconf 80' lang='lat' dir='ltr'><strong>ridi,</strong></span> <span class='ocrx_word' id='word_1_80' title='bbox 1223 1861 1257 1935; x_wconf 79' lang='lat' dir='ltr'><strong>si</strong></span> <span class='ocrx_word' id='word_1_81' title='bbox 1281 1861 1387 1934; x_wconf 86' lang='lat' dir='ltr'><strong>inter</strong></span> <span class='ocrx_word' id='word_1_82' title='bbox 1404 1859 1589 1964; x_wconf 81' lang='lat' dir='ltr'><strong>parietem</strong></span> <span class='ocrx_word' id='word_1_83' title='bbox 1611 1859 1829 1938; x_wconf 87' lang='lat' dir='ltr'><strong>membrana</strong></span> <span class='ocrx_word' id='word_1_84' title='bbox 1851 1862 2032 1965; x_wconf 83' lang='lat' dir='ltr'><strong>propria,</strong></span> 
     </span>
     <span class='ocr_line' id='line_1_10' title="bbox 338 2013 2034 2120; baseline -0.002 -26"><span class='ocrx_word' id='word_1_85' title='bbox 338 2020 379 2094; x_wconf 92' lang='lat' dir='ltr'><strong>in</strong></span> <span class='ocrx_word' id='word_1_86' title='bbox 401 2035 560 2119; x_wconf 86' lang='lat' dir='ltr'><strong>utraque</strong></span> <span class='ocrx_word' id='word_1_87' title='bbox 577 2015 775 2120; x_wconf 82' lang='lat' dir='ltr'><strong>superficie</strong></span> <span class='ocrx_word' id='word_1_88' title='bbox 791 2014 913 2089; x_wconf 86' lang='lat' dir='ltr'><strong>libera</strong></span> <span class='ocrx_word' id='word_1_89' title='bbox 936 2015 1167 2116; x_wconf 72' lang='lat' dir='ltr'><strong>intelligitur.</strong></span> <span class='ocrx_word' id='word_1_90' title='bbox 1220 2015 1296 2090; x_wconf 85' lang='lat' dir='ltr'><strong>Sed</strong></span> <span class='ocrx_word' id='word_1_91' title='bbox 1314 2015 1449 2088; x_wconf 90' lang='lat' dir='ltr'><strong>mirum</strong></span> <span class='ocrx_word' id='word_1_92' title='bbox 1470 2031 1540 2106; x_wconf 86' lang='lat' dir='ltr'><strong>est,</strong></span> <span class='ocrx_word' id='word_1_93' title='bbox 1568 2013 1735 2088; x_wconf 90' lang='lat' dir='ltr'><strong>omnium</strong></span> <span class='ocrx_word' id='word_1_94' title='bbox 1751 2039 1938 2108; x_wconf 82' lang='lat' dir='ltr'><strong>rasorum,</strong></span> <span class='ocrx_word' id='word_1_95' title='bbox 1964 2015 2034 2090; x_wconf 91' lang='lat' dir='ltr'><strong>mi·</strong></span> 
     </span>
     <span class='ocr_line' id='line_1_11' title="bbox 336 2134 2032 2274; baseline 0.001 -28"><span class='ocrx_word' id='word_1_96' title='bbox 336 2173 526 2246; x_wconf 84' lang='lat' dir='ltr'><strong>nimonrm</strong></span> <span class='ocrx_word' id='word_1_97' title='bbox 551 2171 761 2274; x_wconf 80' lang='lat' dir='ltr'><strong>pariterue</strong></span> <span class='ocrx_word' id='word_1_98' title='bbox 786 2169 1032 2242; x_wconf 82' lang='lat' dir='ltr'><strong>maximonmr</strong></span> <span class='ocrx_word' id='word_1_99' title='bbox 1055 2134 1291 2270; x_wconf 68' lang='lat' dir='ltr'><strong>sngierficiem</strong></span> <span class='ocrx_word' id='word_1_100' title='bbox 1316 2168 1505 2242; x_wconf 88' lang='lat' dir='ltr'><strong>internam</strong></span> <span class='ocrx_word' id='word_1_101' title='bbox 1527 2165 1629 2242; x_wconf 85' lang='lat' dir='ltr'><strong>bene</strong></span> <span class='ocrx_word' id='word_1_102' title='bbox 1658 2191 1744 2242; x_wconf 83' lang='lat' dir='ltr'><strong>esse</strong></span> <span class='ocrx_word' id='word_1_103' title='bbox 1769 2169 2032 2274; x_wconf 75' lang='lat' dir='ltr'><strong>cirumscrip-</strong></span> 
     </span>
     <span class='ocr_line' id='line_1_12' title="bbox 335 2319 2030 2420; baseline -0.004 -16"><span class='ocrx_word' id='word_1_104' title='bbox 335 2347 431 2420; x_wconf 86' lang='lat' dir='ltr'><strong>tam,</strong></span> <span class='ocrx_word' id='word_1_105' title='bbox 472 2343 662 2400; x_wconf 82' lang='lat' dir='ltr'><strong>externam</strong></span> <span class='ocrx_word' id='word_1_106' title='bbox 678 2348 768 2400; x_wconf 82' lang='lat' dir='ltr'><strong>vere</strong></span> <span class='ocrx_word' id='word_1_107' title='bbox 784 2322 984 2406; x_wconf 75' lang='lat' dir='ltr'><strong>nullorum,</strong></span> <span class='ocrx_word' id='word_1_108' title='bbox 1052 2323 1097 2394; x_wconf 90' lang='lat' dir='ltr'><strong>ln</strong></span> <span class='ocrx_word' id='word_1_109' title='bbox 1114 2321 1214 2396; x_wconf 81' lang='lat' dir='ltr'><strong>rasis</strong></span> <span class='ocrx_word' id='word_1_110' title='bbox 1233 2320 1398 2393; x_wconf 86' lang='lat' dir='ltr'><strong>minimis</strong></span> <span class='ocrx_word' id='word_1_111' title='bbox 1416 2319 1596 2418; x_wconf 76' lang='lat' dir='ltr'><strong>marginis</strong></span> <span class='ocrx_word' id='word_1_112' title='bbox 1612 2320 1798 2420; x_wconf 82' lang='lat' dir='ltr'><strong>parietum</strong></span> <span class='ocrx_word' id='word_1_113' title='bbox 1819 2324 1963 2414; x_wconf 58' lang='lat' dir='ltr'><strong>externi</strong></span> <span class='ocrx_word' id='word_1_114' title='bbox 1982 2349 2030 2399; x_wconf 91' lang='lat' dir='ltr'><strong>ne</strong></span> 
     </span>
     <span class='ocr_line' id='line_1_13' title="bbox 333 2472 2068 2581; baseline -0.008 -25"><span class='ocrx_word' id='word_1_115' title='bbox 333 2481 532 2581; x_wconf 79' lang='lat' dir='ltr'><strong>vestigium</strong></span> <span class='ocrx_word' id='word_1_116' title='bbox 562 2478 716 2580; x_wconf 87' lang='lat' dir='ltr'><strong>quidem</strong></span> <span class='ocrx_word' id='word_1_117' title='bbox 742 2473 870 2570; x_wconf 80' lang='lat' dir='ltr'><strong>adest3</strong></span> <span class='ocrx_word' id='word_1_118' title='bbox 903 2475 943 2547; x_wconf 92' lang='lat' dir='ltr'><strong>in</strong></span> <span class='ocrx_word' id='word_1_119' title='bbox 971 2472 1178 2575; x_wconf 85' lang='lat' dir='ltr'><strong>majeribus</strong></span> <span class='ocrx_word' id='word_1_120' title='bbox 1207 2497 1298 2548; x_wconf 82' lang='lat' dir='ltr'><strong>raro</strong></span> <span class='ocrx_word' id='word_1_121' title='bbox 1323 2472 1625 2546; x_wconf 85' lang='lat' dir='ltr'><strong>membranarum</strong></span> <span class='ocrx_word' id='word_1_122' title='bbox 1655 2497 1830 2548; x_wconf 83' lang='lat' dir='ltr'><strong>rasorum</strong></span> <span class='ocrx_word' id='word_1_123' title='bbox 1857 2480 2030 2580; x_wconf 85' lang='lat' dir='ltr'><strong>propria·</strong></span> <span class='ocrx_word' id='word_1_124' title='bbox 2064 2531 2068 2542; x_wconf 88' lang='lat'>.</span> 
     </span>
     <span class='ocr_line' id='line_1_14' title="bbox 333 2623 2029 2734; baseline -0.001 -26"><span class='ocrx_word' id='word_1_125' title='bbox 333 2661 418 2708; x_wconf 80' lang='lat' dir='ltr'><strong>nrm</strong></span> <span class='ocrx_word' id='word_1_126' title='bbox 441 2631 659 2734; x_wconf 84' lang='lat' dir='ltr'><strong>superficies</strong></span> <span class='ocrx_word' id='word_1_127' title='bbox 687 2648 840 2704; x_wconf 83' lang='lat' dir='ltr'><strong>externa</strong></span> <span class='ocrx_word' id='word_1_128' title='bbox 860 2623 938 2704; x_wconf 80' lang='lat' dir='ltr'><strong>tarn</strong></span> <span class='ocrx_word' id='word_1_129' title='bbox 961 2643 1066 2702; x_wconf 87' lang='lat' dir='ltr'><strong>arcte</strong></span> <span class='ocrx_word' id='word_1_130' title='bbox 1089 2651 1175 2702; x_wconf 82' lang='lat' dir='ltr'><strong>eum</strong></span> <span class='ocrx_word' id='word_1_131' title='bbox 1197 2627 1492 2730; x_wconf 82' lang='lat' dir='ltr'><strong>parenchymate</strong></span> <span class='ocrx_word' id='word_1_132' title='bbox 1512 2626 1641 2702; x_wconf 82' lang='lat' dir='ltr'><strong>ricino</strong></span> <span class='ocrx_word' id='word_1_133' title='bbox 1664 2628 1871 2728; x_wconf 85' lang='lat' dir='ltr'><strong>conjuncta</strong></span> <span class='ocrx_word' id='word_1_134' title='bbox 1902 2647 1941 2706; x_wconf 88' lang='lat' dir='ltr'><strong>et</strong></span> <span class='ocrx_word' id='word_1_135' title='bbox 1963 2629 2029 2706; x_wconf 87' lang='lat' dir='ltr'><strong>ad·</strong></span> 
     </span>
     <span class='ocr_line' id='line_1_15' title="bbox 336 2781 827 2878; baseline -0.006 -17"><span class='ocrx_word' id='word_1_136' title='bbox 336 2802 427 2861; x_wconf 88' lang='lat' dir='ltr'><strong>nata</strong></span> <span class='ocrx_word' id='word_1_137' title='bbox 455 2803 531 2878; x_wconf 87' lang='lat' dir='ltr'><strong>est,</strong></span> <span class='ocrx_word' id='word_1_138' title='bbox 555 2801 599 2858; x_wconf 84' lang='lat' dir='ltr'><strong>ut</strong></span> <span class='ocrx_word' id='word_1_139' title='bbox 624 2781 827 2860; x_wconf 83' lang='lat' dir='ltr'><strong>confluant.</strong></span> 
     </span>
    </p>

    <p class='ocr_par' dir='ltr' id='par_1_6' title="bbox 258 2911 1349 3040">
     <span class='ocr_line' id='line_1_16' title="bbox 258 2911 1349 3040; baseline -0.002 -29"><span class='ocrx_word' id='word_1_140' title='bbox 258 2911 262 2920; x_wconf 46' lang='grc'><strong>’</strong></span> <span class='ocrx_word' id='word_1_141' title='bbox 495 2937 539 3032; x_wconf 82' lang='lat' dir='ltr'><strong>h)</strong></span> <span class='ocrx_word' id='word_1_142' title='bbox 566 2939 752 3015; x_wconf 84' lang='lat' dir='ltr'><strong>Vasoru&#39;m</strong></span> <span class='ocrx_word' id='word_1_143' title='bbox 773 2937 940 3040; x_wconf 76' lang='lat' dir='ltr'><strong>parietes</strong></span> <span class='ocrx_word' id='word_1_144' title='bbox 967 2929 1008 3010; x_wconf 92' lang='lat' dir='ltr'><strong>in</strong></span> <span class='ocrx_word' id='word_1_145' title='bbox 1032 2951 1134 3012; x_wconf 85' lang='lat' dir='ltr'><strong>statu</strong></span> <span class='ocrx_word' id='word_1_146' title='bbox 1157 2931 1349 3012; x_wconf 82' lang='lat' dir='ltr'><strong>morbose.</strong></span> 
     </span>
    </p>
   </div>
   <div class='ocr_carea' id='block_1_6' title="bbox 240 3113 2028 3525">
    <p class='ocr_par' dir='ltr' id='par_1_7' title="bbox 240 3113 2028 3525">
     <span class='ocr_line' id='line_1_17' title="bbox 240 3113 2028 3222; baseline 0.001 -29"><span class='ocrx_word' id='word_1_147' title='bbox 240 3137 332 3222; x_wconf 61' lang='grc' dir='ltr'><strong>πθ,</strong></span> <span class='ocrx_word' id='word_1_148' title='bbox 499 3117 676 3193; x_wconf 85' lang='lat' dir='ltr'><strong>Omnium</strong></span> <span class='ocrx_word' id='word_1_149' title='bbox 693 3139 867 3192; x_wconf 82' lang='lat' dir='ltr'><strong>vasorum</strong></span> <span class='ocrx_word' id='word_1_150' title='bbox 883 3115 1049 3216; x_wconf 82' lang='lat' dir='ltr'><strong>parietes</strong></span> <span class='ocrx_word' id='word_1_151' title='bbox 1067 3113 1118 3189; x_wconf 86' lang='lat' dir='ltr'><strong>ab</strong></span> <span class='ocrx_word' id='word_1_152' title='bbox 1138 3115 1243 3190; x_wconf 86' lang='lat' dir='ltr'><strong>unda</strong></span> <span class='ocrx_word' id='word_1_153' title='bbox 1258 3115 1407 3216; x_wconf 80' lang='lat' dir='ltr'><strong>plenius</strong></span> <span class='ocrx_word' id='word_1_154' title='bbox 1435 3113 1602 3188; x_wconf 86' lang='lat' dir='ltr'><strong>irruente</strong></span> <span class='ocrx_word' id='word_1_155' title='bbox 1625 3133 1819 3212; x_wconf 79' lang='lat' dir='ltr'><strong>extensos,</strong></span> <span class='ocrx_word' id='word_1_156' title='bbox 1858 3133 1896 3193; x_wconf 87' lang='lat' dir='ltr'><strong>et</strong></span> <span class='ocrx_word' id='word_1_157' title='bbox 1908 3113 2028 3195; x_wconf 70' lang='lat' dir='ltr'><strong>&#39;cunm</strong></span> 
     </span>
     <span class='ocr_line' id='line_1_18' title="bbox 331 3267 2026 3372; baseline 0.002 -28"><span class='ocrx_word' id='word_1_158' title='bbox 331 3285 393 3346; x_wconf 86' lang='lat' dir='ltr'><strong>tos</strong></span> <span class='ocrx_word' id='word_1_159' title='bbox 406 3269 508 3346; x_wconf 86' lang='lat' dir='ltr'><strong>eirca</strong></span> <span class='ocrx_word' id='word_1_160' title='bbox 525 3269 666 3344; x_wconf 81' lang='lat' dir='ltr'><strong>undam</strong></span> <span class='ocrx_word' id='word_1_161' title='bbox 686 3287 816 3344; x_wconf 86' lang='lat' dir='ltr'><strong>tensos</strong></span> <span class='ocrx_word' id='word_1_162' title='bbox 833 3269 923 3343; x_wconf 82' lang='lat' dir='ltr'><strong>ridi.</strong></span> <span class='ocrx_word' id='word_1_163' title='bbox 985 3271 1095 3344; x_wconf 81' lang='lat' dir='ltr'><strong>Tunc</strong></span> <span class='ocrx_word' id='word_1_164' title='bbox 1115 3267 1382 3346; x_wconf 84' lang='lat' dir='ltr'><strong>dilatabantur.</strong></span> <span class='ocrx_word' id='word_1_165' title='bbox 1442 3267 1591 3342; x_wconf 87' lang='lat' dir='ltr'><strong>Minora</strong></span> <span class='ocrx_word' id='word_1_166' title='bbox 1603 3295 1693 3342; x_wconf 82' lang='lat' dir='ltr'><strong>rasa</strong></span> <span class='ocrx_word' id='word_1_167' title='bbox 1708 3295 1731 3343; x_wconf 88' lang='lat' dir='ltr'><strong>a</strong></span> <span class='ocrx_word' id='word_1_168' title='bbox 1749 3271 1957 3372; x_wconf 84' lang='lat' dir='ltr'><strong>majoribus</strong></span> <span class='ocrx_word' id='word_1_169' title='bbox 1979 3297 2026 3348; x_wconf 87' lang='lat' dir='ltr'><strong>ee</strong></span> 
     </span>
     <span class='ocr_line' id='line_1_19' title="bbox 330 3419 2024 3525; baseline 0.002 -29"><span class='ocrx_word' id='word_1_170' title='bbox 330 3421 569 3497; x_wconf 81' lang='lat' dir='ltr'><strong>solummodo</strong></span> <span class='ocrx_word' id='word_1_171' title='bbox 603 3419 847 3512; x_wconf 80' lang='lat' dir='ltr'><strong>differebant,</strong></span> <span class='ocrx_word' id='word_1_172' title='bbox 874 3439 918 3496; x_wconf 87' lang='lat' dir='ltr'><strong>ut</strong></span> <span class='ocrx_word' id='word_1_173' title='bbox 942 3421 1092 3496; x_wconf 89' lang='lat' dir='ltr'><strong>minora</strong></span> <span class='ocrx_word' id='word_1_174' title='bbox 1120 3422 1245 3494; x_wconf 84' lang='lat' dir='ltr'><strong>minus</strong></span> <span class='ocrx_word' id='word_1_175' title='bbox 1269 3421 1566 3518; x_wconf 83' lang='lat' dir='ltr'><strong>constringendo</strong></span> <span class='ocrx_word' id='word_1_176' title='bbox 1604 3439 1713 3496; x_wconf 85' lang='lat' dir='ltr'><strong>erant</strong></span> <span class='ocrx_word' id='word_1_177' title='bbox 1744 3425 1871 3525; x_wconf 85' lang='lat' dir='ltr'><strong>paria,</strong></span> <span class='ocrx_word' id='word_1_178' title='bbox 1910 3447 2024 3524; x_wconf 85' lang='lat' dir='ltr'><strong>quarn</strong></span> 
     </span>
    </p>
   </div>
   <div class='ocr_carea' id='block_1_7' title="bbox 326 3567 2030 3982">
    <p class='ocr_par' dir='ltr' id='par_1_8' title="bbox 326 3567 2030 3982">
     <span class='ocr_line' id='line_1_20' title="bbox 327 3567 2020 3675; baseline 0.002 -27"><span class='ocrx_word' id='word_1_179' title='bbox 327 3575 492 3675; x_wconf 85' lang='lat' dir='ltr'><strong>majora,</strong></span> <span class='ocrx_word' id='word_1_180' title='bbox 526 3573 804 3672; x_wconf 73' lang='lat' dir='ltr'><strong>meritavere</strong></span> <span class='ocrx_word' id='word_1_181' title='bbox 827 3573 965 3673; x_wconf 87' lang='lat' dir='ltr'><strong>magis,</strong></span> <span class='ocrx_word' id='word_1_182' title='bbox 999 3597 1112 3673; x_wconf 85' lang='lat' dir='ltr'><strong>quarn</strong></span> <span class='ocrx_word' id='word_1_183' title='bbox 1139 3597 1269 3648; x_wconf 75' lang='lat' dir='ltr'><strong>venae.</strong></span> <span class='ocrx_word' id='word_1_184' title='bbox 1332 3573 1429 3644; x_wconf 87' lang='lat' dir='ltr'><strong>Vasa</strong></span> <span class='ocrx_word' id='word_1_185' title='bbox 1454 3567 1603 3645; x_wconf 83' lang='lat' dir='ltr'><strong>minora</strong></span> <span class='ocrx_word' id='word_1_186' title='bbox 1627 3569 1776 3648; x_wconf 81' lang='lat' dir='ltr'><strong>facilius</strong></span> <span class='ocrx_word' id='word_1_187' title='bbox 1806 3573 2020 3652; x_wconf 88' lang='lat' dir='ltr'><strong>dilatantur.</strong></span> 
     </span>
     <span class='ocr_line' id='line_1_21' title="bbox 326 3693 2030 3828; baseline 0.002 -26"><span class='ocrx_word' id='word_1_188' title='bbox 326 3730 426 3802; x_wconf 82' lang='lat' dir='ltr'><strong>Vasa</strong></span> <span class='ocrx_word' id='word_1_189' title='bbox 455 3751 506 3801; x_wconf 86' lang='lat' dir='ltr'><strong>en</strong></span> <span class='ocrx_word' id='word_1_190' title='bbox 532 3723 685 3800; x_wconf 71' lang='lat' dir='ltr'><strong>lucilius</strong></span> <span class='ocrx_word' id='word_1_191' title='bbox 707 3693 963 3817; x_wconf 76' lang='lat' dir='ltr'><strong>resolvuntur,</strong></span> <span class='ocrx_word' id='word_1_192' title='bbox 990 3727 1043 3800; x_wconf 90' lang='lat' dir='ltr'><strong>ita</strong></span> <span class='ocrx_word' id='word_1_193' title='bbox 1064 3743 1108 3800; x_wconf 88' lang='lat' dir='ltr'><strong>ut</strong></span> <span class='ocrx_word' id='word_1_194' title='bbox 1129 3725 1283 3826; x_wconf 80' lang='lat' dir='ltr'><strong>sanguis</strong></span> <span class='ocrx_word' id='word_1_195' title='bbox 1306 3741 1532 3818; x_wconf 77' lang='lat' dir='ltr'><strong>etemretu&#39;r,</strong></span> <span class='ocrx_word' id='word_1_196' title='bbox 1563 3753 1643 3828; x_wconf 82' lang='lat' dir='ltr'><strong>que</strong></span> <span class='ocrx_word' id='word_1_197' title='bbox 1666 3743 1754 3802; x_wconf 86' lang='lat' dir='ltr'><strong>sunt</strong></span> <span class='ocrx_word' id='word_1_198' title='bbox 1777 3729 1949 3826; x_wconf 76' lang='lat' dir='ltr'><strong>minora,</strong></span> <span class='ocrx_word' id='word_1_199' title='bbox 1986 3749 2030 3806; x_wconf 87' lang='lat' dir='ltr'><strong>et</strong></span> 
     </span>
     <span class='ocr_line' id='line_1_22' title="bbox 329 3877 1336 3982; baseline -0.001 -29"><span class='ocrx_word' id='word_1_200' title='bbox 329 3905 406 3982; x_wconf 83' lang='lat' dir='ltr'><strong>quo</strong></span> <span class='ocrx_word' id='word_1_201' title='bbox 429 3877 611 3954; x_wconf 76' lang='lat' dir='ltr'><strong>inl‘en&#39;ore</strong></span> <span class='ocrx_word' id='word_1_202' title='bbox 636 3879 863 3956; x_wconf 76' lang='lat' dir='ltr'><strong>evolationis</strong></span> <span class='ocrx_word' id='word_1_203' title='bbox 884 3881 1003 3982; x_wconf 88' lang='lat' dir='ltr'><strong>gradu</strong></span> <span class='ocrx_word' id='word_1_204' title='bbox 1022 3879 1162 3954; x_wconf 89' lang='lat' dir='ltr'><strong>animal</strong></span> <span class='ocrx_word' id='word_1_205' title='bbox 1185 3877 1336 3980; x_wconf 85' lang='lat' dir='ltr'><strong>gaudet.</strong></span> 
     </span>
    </p>
   </div>
   <div class='ocr_carea' id='block_1_8' title="bbox 237 4045 2023 4150">
    <p class='ocr_par' dir='ltr' id='par_1_9' title="bbox 237 4045 2023 4150">
     <span class='ocr_line' id='line_1_23' title="bbox 237 4045 2023 4150; baseline 0.002 -27"><span class='ocrx_word' id='word_1_206' title='bbox 237 4065 325 4131; x_wconf 64' lang='grc' dir='ltr'><strong>πεῖ.</strong></span> <span class='ocrx_word' id='word_1_207' title='bbox 489 4046 575 4121; x_wconf 85' lang='lat' dir='ltr'><strong>Alia</strong></span> <span class='ocrx_word' id='word_1_208' title='bbox 599 4048 868 4150; x_wconf 86' lang='lat' dir='ltr'><strong>phaenomena</strong></span> <span class='ocrx_word' id='word_1_209' title='bbox 884 4075 965 4124; x_wconf 87' lang='lat' dir='ltr'><strong>non</strong></span> <span class='ocrx_word' id='word_1_210' title='bbox 995 4047 1095 4142; x_wconf 78' lang='lat' dir='ltr'><strong>ridi3</strong></span> <span class='ocrx_word' id='word_1_211' title='bbox 1122 4063 1160 4121; x_wconf 85' lang='lat' dir='ltr'><strong>et</strong></span> <span class='ocrx_word' id='word_1_212' title='bbox 1181 4045 1349 4124; x_wconf 74' lang='lat' dir='ltr'><strong>breuiter</strong></span> <span class='ocrx_word' id='word_1_213' title='bbox 1369 4047 1638 4139; x_wconf 60' lang='lat' dir='ltr'><strong>selummodm,</strong></span> <span class='ocrx_word' id='word_1_214' title='bbox 1656 4045 1763 4148; x_wconf 79' lang='lat' dir='ltr'><strong>qued</strong></span> <span class='ocrx_word' id='word_1_215' title='bbox 1787 4050 1923 4144; x_wconf 85' lang='lat' dir='ltr'><strong>credo,</strong></span> <span class='ocrx_word' id='word_1_216' title='bbox 1958 4053 2023 4128; x_wconf 87' lang='lat' dir='ltr'><strong>ad·</strong></span> 
     </span>
    </p>
   </div>
   <div class='ocr_carea' id='block_1_9' title="bbox 295 4199 2022 4305">
    <p class='ocr_par' dir='ltr' id='par_1_10' title="bbox 295 4199 2022 4305">
     <span class='ocr_line' id='line_1_24' title="bbox 295 4199 2022 4305; baseline 0.001 -29"><span class='ocrx_word' id='word_1_217' title='bbox 295 4203 427 4280; x_wconf 84' lang='lat' dir='ltr'><strong>dam.</strong></span> <span class='ocrx_word' id='word_1_218' title='bbox 484 4203 671 4277; x_wconf 81' lang='lat' dir='ltr'><strong>Vesorum</strong></span> <span class='ocrx_word' id='word_1_219' title='bbox 698 4201 865 4305; x_wconf 84' lang='lat' dir='ltr'><strong>parietes</strong></span> <span class='ocrx_word' id='word_1_220' title='bbox 896 4199 1180 4304; x_wconf 78' lang='lat' dir='ltr'><strong>parenclrymati</strong></span> <span class='ocrx_word' id='word_1_221' title='bbox 1210 4202 1374 4277; x_wconf 84' lang='lat' dir='ltr'><strong>maxime</strong></span> <span class='ocrx_word' id='word_1_222' title='bbox 1403 4199 1540 4277; x_wconf 83' lang='lat' dir='ltr'><strong>affines</strong></span> <span class='ocrx_word' id='word_1_223' title='bbox 1567 4228 1651 4278; x_wconf 87' lang='lat' dir='ltr'><strong>esse</strong></span> <span class='ocrx_word' id='word_1_224' title='bbox 1693 4203 1786 4278; x_wconf 88' lang='lat' dir='ltr'><strong>mihi</strong></span> <span class='ocrx_word' id='word_1_225' title='bbox 1825 4205 2022 4299; x_wconf 81' lang='lat' dir='ltr'><strong>videntur,</strong></span> 
     </span>
    </p>
   </div>
   <div class='ocr_carea' id='block_1_10' title="bbox 326 4311 2019 4462">
    <p class='ocr_par' dir='ltr' id='par_1_11' title="bbox 326 4311 2019 4462">
     <span class='ocr_line' id='line_1_25' title="bbox 326 4311 2019 4462; baseline 0.004 -34"><span class='ocrx_word' id='word_1_226' title='bbox 326 4356 379 4430; x_wconf 90' lang='lat' dir='ltr'><strong>ita</strong></span> <span class='ocrx_word' id='word_1_227' title='bbox 391 4409 403 4448; x_wconf 87' lang='lat'><em>,</em></span> <span class='ocrx_word' id='word_1_228' title='bbox 435 4373 479 4428; x_wconf 89' lang='lat' dir='ltr'><strong>nt</strong></span> <span class='ocrx_word' id='word_1_229' title='bbox 507 4355 548 4428; x_wconf 93' lang='lat' dir='ltr'><strong>in</strong></span> <span class='ocrx_word' id='word_1_230' title='bbox 573 4353 673 4430; x_wconf 79' lang='lat' dir='ltr'><strong>rasis</strong></span> <span class='ocrx_word' id='word_1_231' title='bbox 698 4351 908 4430; x_wconf 84' lang='lat' dir='ltr'><strong>minoribus</strong></span> <span class='ocrx_word' id='word_1_232' title='bbox 932 4311 1190 4454; x_wconf 54' lang='lat' dir='ltr'><strong>perenchima</strong></span> <span class='ocrx_word' id='word_1_233' title='bbox 1208 4357 1403 4458; x_wconf 83' lang='lat' dir='ltr'><strong>parietm.</strong></span> <span class='ocrx_word' id='word_1_234' title='bbox 1428 4357 1529 4432; x_wconf 74' lang='lat' dir='ltr'><strong>vines</strong></span> <span class='ocrx_word' id='word_1_235' title='bbox 1562 4367 1678 4458; x_wconf 79' lang='lat' dir='ltr'><strong>gerat.</strong></span> <span class='ocrx_word' id='word_1_236' title='bbox 1737 4359 1783 4430; x_wconf 91' lang='lat' dir='ltr'><strong>Iu</strong></span> <span class='ocrx_word' id='word_1_237' title='bbox 1810 4359 2019 4462; x_wconf 83' lang='lat' dir='ltr'><strong>perenchy·</strong></span> 
     </span>
    </p>
   </div>
   <div class='ocr_carea' id='block_1_11' title="bbox 326 4505 2052 5050">
    <p class='ocr_par' dir='ltr' id='par_1_12' title="bbox 326 4505 2020 4615">
     <span class='ocr_line' id='line_1_26' title="bbox 326 4505 2020 4615; baseline 0.004 -33"><span class='ocrx_word' id='word_1_238' title='bbox 326 4523 426 4582; x_wconf 90' lang='lat' dir='ltr'><strong>mate</strong></span> <span class='ocrx_word' id='word_1_239' title='bbox 455 4507 544 4608; x_wconf 84' lang='lat' dir='ltr'><strong>ipse</strong></span> <span class='ocrx_word' id='word_1_240' title='bbox 575 4505 728 4582; x_wconf 80' lang='lat' dir='ltr'><strong>canales</strong></span> <span class='ocrx_word' id='word_1_241' title='bbox 751 4523 840 4580; x_wconf 83' lang='lat' dir='ltr'><strong>sunt</strong></span> <span class='ocrx_word' id='word_1_242' title='bbox 864 4505 1053 4601; x_wconf 75' lang='lat' dir='ltr'><strong>excavati,</strong></span> <span class='ocrx_word' id='word_1_243' title='bbox 1081 4509 1146 4608; x_wconf 87' lang='lat' dir='ltr'><strong>qui</strong></span> <span class='ocrx_word' id='word_1_244' title='bbox 1169 4507 1246 4582; x_wconf 75' lang='lat' dir='ltr'><strong>han</strong></span> <span class='ocrx_word' id='word_1_245' title='bbox 1267 4533 1316 4582; x_wconf 82' lang='lat' dir='ltr'><strong>ert</strong></span> <span class='ocrx_word' id='word_1_246' title='bbox 1343 4535 1458 4584; x_wconf 74' lang='lat' dir='ltr'><strong>cama</strong></span> <span class='ocrx_word' id='word_1_247' title='bbox 1485 4535 1572 4584; x_wconf 84' lang='lat' dir='ltr'><strong>enm</strong></span> <span class='ocrx_word' id='word_1_248' title='bbox 1599 4509 1896 4610; x_wconf 72' lang='lat' dir='ltr'><strong>permehymate</strong></span> <span class='ocrx_word' id='word_1_249' title='bbox 1921 4512 2020 4615; x_wconf 86' lang='lat' dir='ltr'><strong>ipse,</strong></span> 
     </span>
    </p>

    <p class='ocr_par' dir='ltr' id='par_1_13' title="bbox 327 4649 2052 4766">
     <span class='ocr_line' id='line_1_27' title="bbox 327 4649 2052 4766; baseline 0.005 -38"><span class='ocrx_word' id='word_1_250' title='bbox 327 4649 399 4732; x_wconf 74' lang='lat' dir='ltr'><strong>nee&#39;</strong></span> <span class='ocrx_word' id='word_1_251' title='bbox 421 4659 545 4759; x_wconf 85' lang='lat' dir='ltr'><strong>prius,</strong></span> <span class='ocrx_word' id='word_1_252' title='bbox 566 4675 767 4736; x_wconf 86' lang='lat' dir='ltr'><strong>mutantur.</strong></span> <span class='ocrx_word' id='word_1_253' title='bbox 829 4659 980 4734; x_wconf 86' lang='lat' dir='ltr'><strong>Sensim</strong></span> <span class='ocrx_word' id='word_1_254' title='bbox 1001 4687 1111 4754; x_wconf 83' lang='lat' dir='ltr'><strong>raro,</strong></span> <span class='ocrx_word' id='word_1_255' title='bbox 1139 4687 1226 4738; x_wconf 85' lang='lat' dir='ltr'><strong>eum</strong></span> <span class='ocrx_word' id='word_1_256' title='bbox 1250 4663 1448 4762; x_wconf 69' lang='lat' dir='ltr'><strong>sanguinis</strong></span> <span class='ocrx_word' id='word_1_257' title='bbox 1463 4663 1574 4738; x_wconf 83' lang='lat' dir='ltr'><strong>riruli</strong></span> <span class='ocrx_word' id='word_1_258' title='bbox 1594 4687 1676 4748; x_wconf 77' lang='lat' dir='ltr'><strong>non</strong></span> <span class='ocrx_word' id='word_1_259' title='bbox 1703 4661 1865 4766; x_wconf 83' lang='lat' dir='ltr'><strong>amplius</strong></span> <span class='ocrx_word' id='word_1_260' title='bbox 1883 4685 2020 4764; x_wconf 79' lang='lat' dir='ltr'><strong>paren·</strong></span> <span class='ocrx_word' id='word_1_261' title='bbox 2049 4729 2052 4736; x_wconf 89' lang='lat'><em>.</em></span> 
     </span>
    </p>

    <p class='ocr_par' dir='ltr' id='par_1_14' title="bbox 329 4809 2021 5050">
     <span class='ocr_line' id='line_1_28' title="bbox 329 4809 2021 4918; baseline 0.005 -36"><span class='ocrx_word' id='word_1_262' title='bbox 329 4809 513 4910; x_wconf 78' lang='lat' dir='ltr'><strong>chymatis</strong></span> <span class='ocrx_word' id='word_1_263' title='bbox 537 4813 666 4912; x_wconf 77' lang='lat' dir='ltr'><strong>partes</strong></span> <span class='ocrx_word' id='word_1_264' title='bbox 690 4813 967 4890; x_wconf 73' lang='lat' dir='ltr'><strong>eenminreutea</strong></span> <span class='ocrx_word' id='word_1_265' title='bbox 987 4815 1076 4908; x_wconf 72' lang='lat' dir='ltr'><strong>sint,</strong></span> <span class='ocrx_word' id='word_1_266' title='bbox 1100 4815 1174 4892; x_wconf 79' lang='lat' dir='ltr'><strong>aad</strong></span> <span class='ocrx_word' id='word_1_267' title='bbox 1192 4813 1245 4890; x_wconf 87' lang='lat' dir='ltr'><strong>ad</strong></span> <span class='ocrx_word' id='word_1_268' title='bbox 1265 4831 1430 4918; x_wconf 79' lang='lat' dir='ltr'><strong>systema</strong></span> <span class='ocrx_word' id='word_1_269' title='bbox 1451 4839 1653 4892; x_wconf 73' lang='lat' dir='ltr'><strong>mmmuue</strong></span> <span class='ocrx_word' id='word_1_270' title='bbox 1675 4823 1824 4908; x_wconf 75' lang='lat' dir='ltr'><strong>coeant,</strong></span> <span class='ocrx_word' id='word_1_271' title='bbox 1858 4833 1950 4891; x_wconf 72' lang='lat' dir='ltr'><strong>tune</strong></span> <span class='ocrx_word' id='word_1_272' title='bbox 1973 4841 2021 4891; x_wconf 78' lang='lat' dir='ltr'><strong>ex</strong></span> 
     </span>
     <span class='ocr_line' id='line_1_29' title="bbox 1479 4985 1527 5050; baseline 0.083 -4"><span class='ocrx_word' id='word_1_273' title='bbox 1479 4985 1527 5050; x_wconf 83' lang='lat' dir='ltr'><strong>tu</strong></span> 
     </span>
    </p>
   </div>
   <div class='ocr_carea' id='block_1_12' title="bbox 0 0 2422 6188">
    <p class='ocr_par' dir='ltr' id='par_1_15' title="bbox 0 0 2422 6188">
     <span class='ocr_line' id='line_1_30' title="bbox 0 0 2422 6188; baseline 0 0"><span class='ocrx_word' id='word_1_274' title='bbox 0 0 2422 6188; x_wconf 95' lang='lat' dir='ltr'><strong> </strong></span> 
     </span>
    </p>
   </div>
  </div>
 </body>
</html>
