4800 6194
1198 671 1249 694 ..υ
1334 659 1361 734 2
1422 669 1426 678 ·

558 843 716 924 Multa
701 874 776 948 Jam
804 846 851 922 de
877 873 1051 924 vasorum
1075 846 1314 926 minimorum
1344 865 1443 944 statu
1468 846 1508 924 in
1529 846 1867 926 inflammatione
1854 827 2042 930 ineassum
2069 853 2182 945 dieta,

487 1037 526 1096 et
545 1020 689 1122 rejecta
715 1037 824 1118 sunt3
852 1046 939 1094 nam
965 979 1225 1098 disserueritnt
1250 1021 1299 1098 de
1337 1049 1399 1110 re,
1437 1049 1550 1124 quam
1587 1049 1665 1099 ιιοιι
1699 1023 1884 1102 viderunt.
1930 1021 2180 1126 Gonjeeturae

483 1221 584 1286 vero,
600 1193 755 1294 quaeda
768 1190 900 1282 rebus,
929 1185 1406 1296 sensibusnonperoeptis,
1430 1191 1623 1284 feruntur,
1652 1195 2177 1294 semperirustraneaeerunt

438 1365 442 1374 ’
483 1361 731 1441 Unicarestat
749 1362 828 1450 tia,
852 1385 1023 1463 quarata
1031 1363 1185 1439 minima
1196 1365 1368 1440 sensibus
1375 1381 1518 1468 patent,
1539 1363 1844 1466 microscopium,
1866 1365 1914 1440 ad
1927 1363 2031 1465 quod
2046 1359 2181 1467 reiu'gi.

508 1743 512 1760 ·
583 1712 731 1790 Primae
748 1709 796 1785 de
809 1725 908 1796 statu
924 1735 1098 1788 vasorum
1113 1711 1153 1785 in
1167 1709 1458 1788 inflammatione
1478 1713 1764 1814 disquisitiones
1785 1712 2083 1816 microsoopieae
2108 1715 2179 1788 mi·

481 1887 582 1986 nime
606 1875 739 1962 nostro
765 1873 1025 1959 accensendas
1051 1898 1139 1956 sunt
1162 1881 1312 1976 seeu103
1339 1883 1407 1960 sed
1432 1884 1678 1988 Malpigbius,
1709 1911 1823 1986 quum
1847 1885 1989 1987 primns
2017 1886 2176 1962 circula·

415 2035 419 2045 ¹
463 2047 602 2134 *tionis*
621 2051 663 2131 in
679 2053 902 2131 animalibus
917 2053 1011 2129 vivis
1024 2053 1286 2160 phaenomena
1304 2051 1554 2156 observasset,
1580 2055 1882 2130 inflammationis
1899 2057 2177 2158 metamorpbo·
2227 2084 2234 2140 2

481 2256 564 2322 ses,
602 2253 701 2329 quae
725 2225 980 2328 experimenta
1004 2193 1140 2327 sponte
1166 2249 1315 2326 semper
1341 2223 1661 2317 concomitantnr,
1689 2226 1801 2300 simul
1827 2227 1938 2312 vidit,
1974 2227 2065 2327 quin
2092 2227 2177 2302 illa·

292 2498 296 2506 Ι
336 2417 374 2429 ”
479 2430 563 2480 rum
584 2371 815 2502 respexisset
834 2393 1065 2496 dignitatem.
1119 2395 1304 2469 Necnon
1327 2365 1673 2487 beuwenhoolius,
1707 2395 1772 2470 W.
1800 2396 2053 2498 Goowperus,
2079 2400 2173 2473 Rei.

480 2574 646 2658 cbelius,
671 2546 847 2642 Hallsrns
869 2583 908 2640 et
925 2564 1211 2668 Spallanaanins
1235 2565 1417 2668 plurimas
1439 2565 1554 2642 nobis
1579 2584 1825 2640 narraverunt
1849 2567 2060 2670 systematis
2086 2594 2170 2643 san·

427 2731 431 2740 ¹
479 2744 607 2850 guinei
649 2731 993 2840 metamorphose's,
1026 2763 1121 2838 quas
1159 2735 1416 2812 circulationis
1461 2760 1575 2810 causa
1607 2735 1852 2812 illustrandae
1913 2737 2170 2841 exponebant,
2275 2845 2280 2853 Ι

478 2915 576 3022 quae
601 2938 700 2991 vero.
717 2907 767 2985 nd
790 2907 1117 2984 inflammationem
1154 2906 1355 3010 pertinent·
1422 2903 1536 3004 Angli
1569 2885 1754 3006 deniqire,
1790 2907 2002 2984 Wilsonius
2028 2907 2173 3010 Philip.

476 3093 568 3176 sius,
601 3087 635 3164 J.
661 3079 927 3170 'l'bomsoniusl
953 3097 991 3154 et
1026 3075 1092 3154 ch.
1129 3076 1366 3178 Hastingsius
1392 3073 1693 3150 inflammationis
1719 3100 1833 3150 eausa
1857 3075 1976 3177 ipsius
2002 3075 2170 3172 injmem·
2242 3071 2246 3078 ’

475 3264 596 3338 brana
618 3231 805 3328 natatoria
831 3272 947 3323 ranae
972 3249 1145 3352 pericula
1181 3247 1444 3344 instituentium
1492 3263 1532 3320 et
1549 3247 1655 3320 inter
1690 3245 1899 3320 Germanos
1934 3245 2171 3324 Gruitbuiso·

473 3431 558 3532 nius
581 3425 742 3510 eminet,
769 3419 835 3522 qui
865 3417 1019 3496 eximias
1044 3421 1085 3494 in
1108 3420 1227 3521 pinna
1262 3415 1404 3512 candae
1431 3414 1608 3490 oobitidis
1634 3413 1778 3490 fossilis
1804 3414 2085 3494 observationes
2111 3417 2197 3560 ἲι·ί

474 3605 539 3682 cit.
590 3599 759 3700 Quorum
783 3591 949 3668 virorum
975 3590 1206 3695 experientia
1230 3617 1319 3667 usus
1326 3643 1338 3684 ,
1365 3587 1425 3679 id,
1465 3564 1570 3688 quod
1595 3584 1865 3676 observarunt,
1909 3588 2033 3711 denuo
2060 3605 2168 3684 „trae
2214 3612 2217 3618 ·

447 3793 575 3868 tere,
603 3759 834 3870 amplificare
862 3778 902 3836 et
927 3789 1063 3840 ornare
1088 3763 1251 3866 suscepi.

502 4131 624 4204 Ex
646 4126 793 4207 fabrica
816 4118 1058 4200 illustrissimi
1073 4055 1372 4200 Frauanhoferii,
1400 4107 1652 4200 Monacensis,
1678 4107 1850 4180 eximium
1874 4105 2004 4181 mihi
1992 4133 2031 4180 ιιι
2057 4131 2182 4182 usum

466 4303 573 4378 venit
592 4251 907 4400 microsoopium,
935 4287 1100 4366 lentibus
1125 4300 1297 4360 ornatum
1324 4281 1612 4371 achromatieis,
1646 4281 1792 4380 quibus
1819 4280 2059 4383 objectorum
2085 4278 2166 4352 din·

464 4491 626 4548 metrum
664 4497 743 4546 non
777 4465 917 4568 magis,
966 4483 1080 4560 quarn
1120 4451 1344 4552 octaginties
1379 4475 1500 4551 usque
1548 4449 1597 4522 ad
1636 4451 1781 4523 centies
1816 4467 1853 4522 et
1873 4447 2007 4522 decies
2034 4445 2189 4548 augeri

466 4643 607 4720 emavi.
692 4709 700 4747 ι

568 4969 680 5040 'l'nno
706 4987 870 5066 corpora
896 4957 998 5036 varia
1022 4951 1215 5059 pellucida
1240 4951 1358 5052 elegi,
1398 4972 1497 5050 quae
1523 4945 1593 5022 sub
1633 4939 1890 5044 microsoopio
1930 4940 2166 5020 collocaren-
