4800 6194
1163 553 1170 566 .
1253 509 1299 576 58

901 697 1103 790 Murio
1132 696 1295 814 oxydi
1320 697 1656 820 hydrargyri.

335 913 422 978 230.
586 896 910 1000 Metamorphoses
945 899 1114 998 insignes
1150 912 1241 999 post
1272 895 1418 999 aliquot
1449 915 1599 1004 tempus
1629 923 1702 1002 per
1733 917 1856 978 totum
1886 933 2026 1014 eorpus
2058 939 2120 990 εχ.

419 1079 563 1161 pansae
577 1079 660 1129 esse
671 1053 856 1146 ridentur,
872 1069 912 1127 ct
925 1052 966 1126 iu
980 1055 1099 1127 altero
1113 1075 1267 1151 quoque
1279 1051 1379 1155 pede
1394 1053 1688 1155 conspiciuntur.
1705 1058 1830 1136 blotus
1843 1064 2038 1164 sanguinis
2048 1091 2120 1168 per

416 1227 537 1286 toturn
562 1233 701 1310 corpus
730 1206 963 1284 acceleratus
997 1224 1036 1282 ct
1068 1203 1304 1308 globulorum
1329 1206 1486 1284 indoles
1515 1205 1626 1284 raldo
1662 1227 1808 1286 mutata
1838 1216 2116 1297 comitetur.

416 1365 523 1467 Quas
549 1362 796 1458 affectiones,
829 1365 918 1439 dum
952 1391 1024 1469 per
1055 1383 1199 1441 motum
1223 1361 1410 1440 coctionis
1433 1361 1485 1435 ad
1509 1363 1629 1438 crisin
1650 1383 1829 1466 vergunt,
1867 1367 1920 1442 ad
1943 1373 2116 1474 corporis
2206 1385 2217 1398 “

414 1515 654 1618 superficiem
685 1542 778 1620 prae
813 1519 950 1596 ceteris
983 1523 1231 1623 deponuntur.
1314 1519 1414 1594 llam
1449 1535 1533 1593 tota
1565 1543 1684 1593 mnas
1724 1489 1821 1596 cutis
1852 1547 1990 1624 spurce
2029 1527 2112 1628 pal·

411 1671 541 1766 lescit,
581 1689 620 1747 et
649 1697 799 1748 mucum
839 1675 1035 1776 copiosum
1070 1673 1161 1750 edit.
1222 1671 1396 1748 Tandem
1430 1673 1522 1748 binc
1564 1671 1655 1747 inde
1697 1673 1892 1752 ulcuscula
1928 1681 2112 1776 oriuntur,

412 1853 511 1928 quac
535 1829 740 1931 praecipue
765 1829 806 1900 in
831 1829 989 1928 regions
1016 1827 1146 1928 gulae,
1188 1827 1240 1902 ad
1270 1825 1392 1932 pedes
1424 1843 1464 1902 et
1494 1825 1536 1901 in
1565 1826 1786 1903 membrana
1809 1833 2000 1910 natatoria
2028 1837 2113 1941 ipss

409 1979 617 2060 observavi.
684 1983 853 2084 Uterque
877 2007 947 2084 pes
972 1999 1111 2076 tumet,
1149 1983 1357 2086 praecipue
1381 2007 1474 2060 reru
1499 1983 1552 2076 is,
1578 1983 1645 2086 qui
1665 1983 1809 2085 primus
1835 2004 1917 2062 erat
1941 1987 2110 2068 affectus.

410 2135 489 2210 Sub
515 2154 603 2212 cute
628 2135 835 2212 abscessuli
859 2124 1078 2228 formantur,
1104 2136 1183 2237 qui,
1209 2153 1296 2212 cuts
1319 2135 1525 2240 perforata,
1552 2134 1739 2236 liquidum
1764 2137 1922 2214 stillant

567 2294 702 2377 Locus,
727 2289 886 2363 muriatc
911 2290 996 2390 ipso
1021 2305 1155 2381 tactus,
1184 2287 1406 2392 plerumque
1432 2286 1612 2392 spbscelo
1638 2287 1797 2366 deletur.

573 2441 652 2516 Sed
679 2459 847 2518 motuum
871 2443 1105 2536 criticorum,
1147 2467 1172 2518 a
1205 2441 1343 2544 quibus
1357 2438 1560 2516 ‚ulcuscula
1585 2440 1830 2520 derivationis
1863 2473 1978 2524 causa
2012 2477 2104 2530 eon.

403 2594 661 2691 trahebantur,
688 2597 890 2674 conamina
913 2595 1106 2672 affectioni
1123 2595 1326 2674 solvendae
1343 2622 1424 2674 uon
1441 2595 1642 2692 sufficiunt,
1668 2619 1879 2700 omnesque
1905 2627 2022 2679 ranae
2040 2632 2106 2709 ps·

401 2751 559 2846 rictum,
584 2750 803 2855 priusquam
821 2749 972 2827 affectio
998 2751 1147 2854 penitus
1171 2766 1273 2824 esset
1294 2749 1474 2850 judicata.
1525 2751 1651 2826 Motus
1675 2750 1850 2830 celeritas
1869 2753 1919 2830 ad
1943 2775 2107 2834 mortem

401 2929 522 3006 usquc
547 2904 802 3008 perdurabat,
844 2921 883 2980 et
907 2903 1101 3006 sauguinis
1127 2901 1289 3004 qualitas
1313 2903 1638 3006 pessumdabatur,
1679 2922 1723 2981 ut
1748 2904 1977 3010 decomponi
2001 2910 2108 2987 ride·

401 3073 517 3130 retur.
593 3059 789 3134 Postremo
813 3057 919 3131 unda
942 3057 1101 3130 maxime
1128 3057 1281 3154 exigua,
1316 3053 1385 3131 scd
1409 3056 1564 3158 rapida,
1590 3057 1842 3160 inaequaliter
1867 3061 2041 3138 distribui
2068 3081 2106 3138 et

401 3225 527 3284 motus
553 3207 635 3314 ipse
660 3209 871 3312 perturbari
897 3209 1046 3311 coepit,
1079 3226 1159 3282 tum
1183 3205 1322 3282 animal
1348 3207 1518 3280 moritur.
1610 3229 1616 3247 “

1149 3461 1360 3481 ψ

747 3687 1241 3826 arpentum
1308 3699 1829 3828 A.rscnici.'
1918 3747 1925 3752 ·

311 3949 395 4016 231.
564 3931 688 4007 Simili
710 3933 825 4011 modo
850 3959 1050 4038 processus
1075 3928 1322 4044 confusionis,
1349 3957 1449 4033 quac
1463 3957 1510 4008 ax
1533 3931 1675 4006 influxu
1698 3929 1805 4006 fatali
1815 3935 1990 4010 Arseniei
2013 3939 2098 4013 nni.

398 4113 545 4166 versum
569 4087 822 4186 organismum
846 4088 1009 4180 invadit,
1050 4086 1254 4191 peragitur.
1316 4085 1514 4164 Contionis
1541 4085 1750 4162 ‘conamina
1786 4087 1918 4164 critica
1941 4089 2095 4168 incute

399 4243 694 4345 conspiciuntur,
721 4243 761 4315 in
788 4269 865 4344 qua
888 4239 1079 4318 ulcuscula
1107 4240 1289 4314 oriuntur.
1355 4239 1517 4340 Sanguis
1550 4239 1626 4317 alio
1651 4239 1787 4333 modo,
1827 4269 1942 4344 quam
1967 4270 1991 4318 a
2015 4272 2094 4320 usu·

395 4396 492 4470 riate
517 4395 737 4497 hydrargyri
764 4395 992 4500 decomponi
1017 4394 1175 4474 ridetur.
1253 4396 1425 4472 Tandem
1464 4397 1550 4473 loco
1588 4396 1730 4474 criseos
1757 4397 1895 4472 animal
1922 4388 2099 4474 moritur.
