<?xml version="1.0" encoding="UTF-8"?>
<!DOCTYPE html PUBLIC "-//W3C//DTD XHTML 1.0 Transitional//EN"
    "http://www.w3.org/TR/xhtml1/DTD/xhtml1-transitional.dtd">
<html xmlns="http://www.w3.org/1999/xhtml" xml:lang="en" lang="en">
 <head>
  <title>
</title>
<meta http-equiv="Content-Type" content="text/html;charset=utf-8" />
  <meta name='ocr-system' content='tesseract 3.04.00' />
  <meta name='ocr-capabilities' content='ocr_page ocr_carea ocr_par ocr_line ocrx_word'/>
</head>
<body>
  <div class='ocr_page' id='page_1' title='image "./experimentacirc00kaltgoog_0034.png"; bbox 0 0 4848 6194; ppageno 0'>
   <div class='ocr_carea' id='block_1_1' title="bbox 1206 595 1251 660">
    <p class='ocr_par' dir='ltr' id='par_1_1' title="bbox 1206 595 1251 660">
     <span class='ocr_line' id='line_1_1' title="bbox 1206 595 1251 660; baseline -0.044 0"><span class='ocrx_word' id='word_1_1' title='bbox 1206 595 1251 660; x_wconf 82' lang='lat'><strong>21</strong></span> 
     </span>
    </p>
   </div>
   <div class='ocr_carea' id='block_1_2' title="bbox 548 777 2075 892">
    <p class='ocr_par' dir='ltr' id='par_1_2' title="bbox 548 777 2075 892">
     <span class='ocr_line' id='line_1_2' title="bbox 548 777 2075 892; baseline 0.009 -44"><span class='ocrx_word' id='word_1_2' title='bbox 548 777 593 848; x_wconf 88' lang='lat' dir='ltr'><strong>ln</strong></span> <span class='ocrx_word' id='word_1_3' title='bbox 620 793 781 878; x_wconf 84' lang='lat' dir='ltr'><strong>utroquo</strong></span> <span class='ocrx_word' id='word_1_4' title='bbox 806 795 906 854; x_wconf 87' lang='lat' dir='ltr'><strong>statu</strong></span> <span class='ocrx_word' id='word_1_5' title='bbox 931 777 1108 858; x_wconf 81' lang='lat' dir='ltr'>ruborem</span> <span class='ocrx_word' id='word_1_6' title='bbox 1127 801 1165 858; x_wconf 88' lang='lat' dir='ltr'><strong>et</strong></span> <span class='ocrx_word' id='word_1_7' title='bbox 1190 801 1376 858; x_wconf 80' lang='lat' dir='ltr'><strong>tumorem</strong></span> <span class='ocrx_word' id='word_1_8' title='bbox 1401 786 1539 862; x_wconf 81' lang='lat' dir='ltr'><strong>iuveni.</strong></span> <span class='ocrx_word' id='word_1_9' title='bbox 1598 789 1724 865; x_wconf 84' lang='lat' dir='ltr'><strong>Motus</strong></span> <span class='ocrx_word' id='word_1_10' title='bbox 1758 787 1953 892; x_wconf 72' lang='lat' dir='ltr'>sanguinis</span> <span class='ocrx_word' id='word_1_11' title='bbox 1986 806 2075 864; x_wconf 83' lang='lat' dir='ltr'><strong>nor·</strong></span> 
     </span>
    </p>
   </div>
   <div class='ocr_carea' id='block_1_3' title="bbox 380 931 1699 1042">
    <p class='ocr_par' dir='ltr' id='par_1_3' title="bbox 380 931 1699 1042">
     <span class='ocr_line' id='line_1_3' title="bbox 380 931 1699 1042; baseline 0.01 -36"><span class='ocrx_word' id='word_1_12' title='bbox 380 931 489 1008; x_wconf 85' lang='lat' dir='ltr'><strong>malis</strong></span> <span class='ocrx_word' id='word_1_13' title='bbox 515 931 746 1034; x_wconf 86' lang='lat' dir='ltr'><strong>interceptus</strong></span> <span class='ocrx_word' id='word_1_14' title='bbox 771 948 847 1025; x_wconf 84' lang='lat' dir='ltr'><strong>est,</strong></span> <span class='ocrx_word' id='word_1_15' title='bbox 875 933 1011 1008; x_wconf 85' lang='lat' dir='ltr'><strong>adsunt</strong></span> <span class='ocrx_word' id='word_1_16' title='bbox 1032 953 1151 1012; x_wconf 84' lang='lat' dir='ltr'><strong>stases</strong></span> <span class='ocrx_word' id='word_1_17' title='bbox 1187 955 1225 1012; x_wconf 88' lang='lat' dir='ltr'><strong>et</strong></span> <span class='ocrx_word' id='word_1_18' title='bbox 1247 939 1502 1042; x_wconf 80' lang='lat' dir='ltr'><strong>parenchymu</strong></span> <span class='ocrx_word' id='word_1_19' title='bbox 1526 959 1699 1020; x_wconf 87' lang='lat' dir='ltr'><strong>mutatur.</strong></span> 
     </span>
    </p>
   </div>
   <div class='ocr_carea' id='block_1_4' title="bbox 320 1133 2080 1252">
    <p class='ocr_par' dir='ltr' id='par_1_4' title="bbox 320 1133 2080 1252">
     <span class='ocr_line' id='line_1_4' title="bbox 320 1133 2080 1252; baseline 0.009 -42"><span class='ocrx_word' id='word_1_20' title='bbox 320 1133 382 1212; x_wconf 71' lang='grc' dir='ltr'><strong>Οἵ·</strong></span> <span class='ocrx_word' id='word_1_21' title='bbox 547 1137 736 1214; x_wconf 85' lang='lat' dir='ltr'><strong>Differunt</strong></span> <span class='ocrx_word' id='word_1_22' title='bbox 760 1167 849 1217; x_wconf 84' lang='lat' dir='ltr'><strong>vero</strong></span> <span class='ocrx_word' id='word_1_23' title='bbox 875 1153 1218 1246; x_wconf 82' lang='lat' dir='ltr'><strong>metamorphoscs:</strong></span> <span class='ocrx_word' id='word_1_24' title='bbox 1269 1145 1313 1250; x_wconf 82' lang='lat' dir='ltr'><strong>a)</strong></span> <span class='ocrx_word' id='word_1_25' title='bbox 1344 1147 1642 1242; x_wconf 86' lang='lat' dir='ltr'><strong>conditionibus,</strong></span> <span class='ocrx_word' id='word_1_26' title='bbox 1667 1148 1737 1224; x_wconf 90' lang='lat' dir='ltr'><strong>sub</strong></span> <span class='ocrx_word' id='word_1_27' title='bbox 1761 1149 1897 1252; x_wconf 85' lang='lat' dir='ltr'><strong>quibus</strong></span> <span class='ocrx_word' id='word_1_28' title='bbox 1914 1149 2080 1226; x_wconf 81' lang='lat' dir='ltr'><strong>forman·</strong></span> 
     </span>
    </p>
   </div>
   <div class='ocr_carea' id='block_1_5' title="bbox 380 1245 2258 1394">
    <p class='ocr_par' dir='ltr' id='par_1_5' title="bbox 380 1245 2258 1394">
     <span class='ocr_line' id='line_1_5' title="bbox 380 1245 2258 1394; baseline 0.012 -28"><span class='ocrx_word' id='word_1_29' title='bbox 380 1305 459 1378; x_wconf 79' lang='lat' dir='ltr'><strong>tur,</strong></span> <span class='ocrx_word' id='word_1_30' title='bbox 486 1291 526 1390; x_wconf 84' lang='lat' dir='ltr'><strong>b)</strong></span> <span class='ocrx_word' id='word_1_31' title='bbox 554 1293 783 1387; x_wconf 78' lang='lat' dir='ltr'><strong>charactere,</strong></span> <span class='ocrx_word' id='word_1_32' title='bbox 810 1302 846 1394; x_wconf 89' lang='lat' dir='ltr'><strong>o)</strong></span> <span class='ocrx_word' id='word_1_33' title='bbox 876 1297 1008 1374; x_wconf 74' lang='lat' dir='ltr'><strong>forma.</strong></span> <span class='ocrx_word' id='word_1_34' title='bbox 2246 1245 2258 1288; x_wconf 34' lang='lat' dir='ltr'><strong>l</strong></span> 
     </span>
    </p>
   </div>
   <div class='ocr_carea' id='block_1_6' title="bbox 481 1477 2184 1581">
    <p class='ocr_par' dir='ltr' id='par_1_6' title="bbox 481 1477 2184 1581">
     <span class='ocr_line' id='line_1_6' title="bbox 481 1477 2184 1581; baseline 0.002 -29"><span class='ocrx_word' id='word_1_35' title='bbox 481 1481 575 1572; x_wconf 88' lang='lat' dir='ltr'>(NB.</span> <span class='ocrx_word' id='word_1_36' title='bbox 612 1477 953 1581; x_wconf 84' lang='lat' dir='ltr'>Metamorphoses,</span> <span class='ocrx_word' id='word_1_37' title='bbox 981 1478 1051 1554; x_wconf 88' lang='lat' dir='ltr'><strong>sub</strong></span> <span class='ocrx_word' id='word_1_38' title='bbox 1078 1481 1314 1559; x_wconf 87' lang='lat' dir='ltr'><strong>confusionis</strong></span> <span class='ocrx_word' id='word_1_39' title='bbox 1338 1503 1532 1561; x_wconf 91' lang='lat' dir='ltr'><strong>momento</strong></span> <span class='ocrx_word' id='word_1_40' title='bbox 1559 1485 1803 1570; x_wconf 82' lang='lat' dir='ltr'><strong>introductas,</strong></span> <span class='ocrx_word' id='word_1_41' title='bbox 1828 1481 1897 1557; x_wconf 89' lang='lat' dir='ltr'><strong>sub</strong></span> <span class='ocrx_word' id='word_1_42' title='bbox 1934 1481 2081 1558; x_wconf 87' lang='lat' dir='ltr'><strong>inllam·</strong></span> <span class='ocrx_word' id='word_1_43' title='bbox 2181 1559 2184 1573; x_wconf 58' lang='grc'><strong>,</strong></span> 
     </span>
    </p>
   </div>
   <div class='ocr_carea' id='block_1_7' title="bbox 379 1633 1340 1741">
    <p class='ocr_par' dir='ltr' id='par_1_7' title="bbox 379 1633 1340 1741">
     <span class='ocr_line' id='line_1_7' title="bbox 379 1633 1340 1741; baseline 0.006 -35"><span class='ocrx_word' id='word_1_44' title='bbox 379 1633 556 1708; x_wconf 89' lang='lat' dir='ltr'><strong>mationis</strong></span> <span class='ocrx_word' id='word_1_45' title='bbox 584 1635 871 1734; x_wconf 84' lang='lat' dir='ltr'><strong>suppuratoriae</strong></span> <span class='ocrx_word' id='word_1_46' title='bbox 896 1637 1051 1709; x_wconf 89' lang='lat' dir='ltr'><strong>nomine</strong></span> <span class='ocrx_word' id='word_1_47' title='bbox 1078 1636 1340 1741; x_wconf 87' lang='lat' dir='ltr'><strong>complector.)</strong></span> 
     </span>
    </p>
   </div>
   <div class='ocr_carea' id='block_1_8' title="bbox 353 1841 2083 2258">
    <p class='ocr_par' dir='ltr' id='par_1_8' title="bbox 353 1841 2083 2258">
     <span class='ocr_line' id='line_1_8' title="bbox 539 1841 2083 1946; baseline -0.003 -28"><span class='ocrx_word' id='word_1_48' title='bbox 539 1847 581 1944; x_wconf 88' lang='lat' dir='ltr'><strong>o)</strong></span> <span class='ocrx_word' id='word_1_49' title='bbox 596 1841 1132 1946; x_wconf 46' lang='lat' dir='ltr'><strong>inflammatioxsuppuratoria</strong></span> <span class='ocrx_word' id='word_1_50' title='bbox 1154 1862 1346 1920; x_wconf 90' lang='lat' dir='ltr'><strong>momento</strong></span> <span class='ocrx_word' id='word_1_51' title='bbox 1373 1843 1610 1920; x_wconf 81' lang='lat' dir='ltr'><strong>confusionis</strong></span> <span class='ocrx_word' id='word_1_52' title='bbox 1636 1845 1825 1920; x_wconf 84' lang='lat' dir='ltr'><strong>inducitur</strong></span> <span class='ocrx_word' id='word_1_53' title='bbox 1837 1873 1850 1940; x_wconf 78' lang='lat'>3</span> <span class='ocrx_word' id='word_1_54' title='bbox 1875 1841 2083 1918; x_wconf 88' lang='lat' dir='ltr'><strong>inllamma·</strong></span> 
     </span>
     <span class='ocr_line' id='line_1_9' title="bbox 381 1993 2082 2102; baseline -0.008 -24"><span class='ocrx_word' id='word_1_55' title='bbox 381 2007 435 2080; x_wconf 88' lang='lat' dir='ltr'><strong>tio</strong></span> <span class='ocrx_word' id='word_1_56' title='bbox 476 2025 730 2076; x_wconf 69' lang='lat' dir='ltr'><strong>senosanam</strong></span> <span class='ocrx_word' id='word_1_57' title='bbox 756 2000 991 2075; x_wconf 80' lang='lat' dir='ltr'><strong>sanationem</strong></span> <span class='ocrx_word' id='word_1_58' title='bbox 1017 1999 1293 2074; x_wconf 80' lang='lat' dir='ltr'><strong>concomitatur</strong></span> <span class='ocrx_word' id='word_1_59' title='bbox 1317 2001 1447 2102; x_wconf 85' lang='lat' dir='ltr'><strong>ipsam.</strong></span> <span class='ocrx_word' id='word_1_60' title='bbox 1483 1999 1781 2075; x_wconf 78' lang='lat' dir='ltr'><strong>Inflammatione</strong></span> <span class='ocrx_word' id='word_1_61' title='bbox 1819 1993 2082 2100; x_wconf 86' lang='lat' dir='ltr'><strong>suppuratoria</strong></span> 
     </span>
     <span class='ocr_line' id='line_1_10' title="bbox 353 2147 2079 2258; baseline -0.003 -28"><span class='ocrx_word' id='word_1_62' title='bbox 353 2168 570 2258; x_wconf 47' lang='lat' dir='ltr'><strong>sregnante,</strong></span> <span class='ocrx_word' id='word_1_63' title='bbox 598 2151 841 2225; x_wconf 84' lang='lat' dir='ltr'><strong>inflammatio</strong></span> <span class='ocrx_word' id='word_1_64' title='bbox 867 2179 1004 2228; x_wconf 83' lang='lat' dir='ltr'><strong>sanans</strong></span> <span class='ocrx_word' id='word_1_65' title='bbox 1031 2153 1257 2250; x_wconf 71' lang='lat' dir='ltr'><strong>excluditurj</strong></span> <span class='ocrx_word' id='word_1_66' title='bbox 1284 2152 1617 2228; x_wconf 83' lang='lat' dir='ltr'><strong>inflammationem</strong></span> <span class='ocrx_word' id='word_1_67' title='bbox 1653 2179 1743 2230; x_wconf 77' lang='lat' dir='ltr'><strong>vero</strong></span> <span class='ocrx_word' id='word_1_68' title='bbox 1774 2147 2079 2253; x_wconf 86' lang='lat' dir='ltr'><strong>suppuratoriam</strong></span> 
     </span>
    </p>
   </div>
   <div class='ocr_carea' id='block_1_9' title="bbox 375 2307 1134 2414">
    <p class='ocr_par' dir='ltr' id='par_1_9' title="bbox 375 2307 1134 2414">
     <span class='ocr_line' id='line_1_11' title="bbox 375 2307 1134 2414; baseline -0.005 -29"><span class='ocrx_word' id='word_1_69' title='bbox 375 2311 563 2414; x_wconf 87' lang='lat' dir='ltr'><strong>placatam</strong></span> <span class='ocrx_word' id='word_1_70' title='bbox 576 2362 588 2400; x_wconf 85' lang='lat'><em>,</em></span> <span class='ocrx_word' id='word_1_71' title='bbox 616 2328 754 2381; x_wconf 86' lang='lat' dir='ltr'><strong>sanans</strong></span> <span class='ocrx_word' id='word_1_72' title='bbox 780 2329 932 2409; x_wconf 85' lang='lat' dir='ltr'><strong>semper</strong></span> <span class='ocrx_word' id='word_1_73' title='bbox 955 2307 1134 2405; x_wconf 86' lang='lat' dir='ltr'><strong>sequitur.</strong></span> 
     </span>
    </p>
   </div>
   <div class='ocr_carea' id='block_1_10' title="bbox 307 2510 2094 2618">
    <p class='ocr_par' dir='ltr' id='par_1_10' title="bbox 307 2510 2094 2618">
     <span class='ocr_line' id='line_1_12' title="bbox 307 2510 2094 2618; baseline -0.006 -22"><span class='ocrx_word' id='word_1_74' title='bbox 307 2533 367 2616; x_wconf 86' lang='lat'><strong>98·</strong></span> <span class='ocrx_word' id='word_1_75' title='bbox 536 2515 578 2616; x_wconf 77' lang='lat' dir='ltr'><strong>l)</strong></span> <span class='ocrx_word' id='word_1_76' title='bbox 607 2511 854 2590; x_wconf 83' lang='lat' dir='ltr'><strong>inflammatio</strong></span> <span class='ocrx_word' id='word_1_77' title='bbox 890 2514 1154 2616; x_wconf 87' lang='lat' dir='ltr'><strong>suppuratoria</strong></span> <span class='ocrx_word' id='word_1_78' title='bbox 1180 2515 1221 2588; x_wconf 83' lang='lat' dir='ltr'><strong>in</strong></span> <span class='ocrx_word' id='word_1_79' title='bbox 1246 2513 1362 2590; x_wconf 89' lang='lat' dir='ltr'><strong>latum</strong></span> <span class='ocrx_word' id='word_1_80' title='bbox 1396 2516 1498 2590; x_wconf 88' lang='lat' dir='ltr'><strong>circa</strong></span> <span class='ocrx_word' id='word_1_81' title='bbox 1530 2515 1663 2592; x_wconf 74' lang='lat' dir='ltr'><strong>vulnus</strong></span> <span class='ocrx_word' id='word_1_82' title='bbox 1698 2513 1922 2618; x_wconf 76' lang='lat' dir='ltr'><strong>expanditur</strong></span> <span class='ocrx_word' id='word_1_83' title='bbox 1959 2510 2094 2587; x_wconf 58' lang='lat' dir='ltr'><strong>ambis</strong></span> 
     </span>
    </p>
   </div>
   <div class='ocr_carea' id='block_1_11' title="bbox 373 2665 2069 2770">
    <p class='ocr_par' dir='ltr' id='par_1_11' title="bbox 373 2665 2069 2770">
     <span class='ocr_line' id='line_1_13' title="bbox 373 2665 2069 2770; baseline 0.001 -28"><span class='ocrx_word' id='word_1_84' title='bbox 373 2687 471 2764; x_wconf 76' lang='lat' dir='ltr'><strong>tum3</strong></span> <span class='ocrx_word' id='word_1_85' title='bbox 491 2685 548 2742; x_wconf 86' lang='lat' dir='ltr'><strong>ast</strong></span> <span class='ocrx_word' id='word_1_86' title='bbox 573 2665 621 2740; x_wconf 87' lang='lat' dir='ltr'><strong>ab</strong></span> <span class='ocrx_word' id='word_1_87' title='bbox 648 2666 943 2742; x_wconf 85' lang='lat' dir='ltr'><strong>inflammatione</strong></span> <span class='ocrx_word' id='word_1_88' title='bbox 970 2687 1128 2755; x_wconf 85' lang='lat' dir='ltr'><strong>sanante</strong></span> <span class='ocrx_word' id='word_1_89' title='bbox 1151 2679 1285 2744; x_wconf 64' lang='lat' dir='ltr'><strong>‘omnes</strong></span> <span class='ocrx_word' id='word_1_90' title='bbox 1313 2679 1440 2742; x_wconf 75' lang='lat' dir='ltr'><strong>versus</strong></span> <span class='ocrx_word' id='word_1_91' title='bbox 1468 2667 1600 2743; x_wconf 80' lang='lat' dir='ltr'><strong>vulnus</strong></span> <span class='ocrx_word' id='word_1_92' title='bbox 1626 2672 1906 2770; x_wconf 45' lang='lat' dir='ltr'><strong>restringuntur,</strong></span> <span class='ocrx_word' id='word_1_93' title='bbox 1924 2667 2069 2743; x_wconf 87' lang='lat' dir='ltr'><strong>turbas.</strong></span> 
     </span>
    </p>
   </div>
   <div class='ocr_carea' id='block_1_12' title="bbox 306 2833 2107 4054">
    <p class='ocr_par' dir='ltr' id='par_1_12' title="bbox 306 2833 2094 3740">
     <span class='ocr_line' id='line_1_14' title="bbox 306 2833 2078 2990; baseline -0.001 -41"><span class='ocrx_word' id='word_1_94' title='bbox 306 2907 369 2990; x_wconf 83' lang='lat'><strong>99,</strong></span> <span class='ocrx_word' id='word_1_95' title='bbox 430 2889 435 2898; x_wconf 89' lang='lat'>&#39;</span> <span class='ocrx_word' id='word_1_96' title='bbox 489 2963 498 2982; x_wconf 20' lang='lat' dir='ltr'><strong>p</strong></span> <span class='ocrx_word' id='word_1_97' title='bbox 535 2877 573 2968; x_wconf 90' lang='lat' dir='ltr'><strong>c)</strong></span> <span class='ocrx_word' id='word_1_98' title='bbox 600 2861 644 2948; x_wconf 87' lang='lat' dir='ltr'><strong>ln</strong></span> <span class='ocrx_word' id='word_1_99' title='bbox 669 2869 963 2948; x_wconf 82' lang='lat' dir='ltr'><strong>inflammatione</strong></span> <span class='ocrx_word' id='word_1_100' title='bbox 988 2874 1251 2976; x_wconf 82' lang='lat' dir='ltr'><strong>suppuratoria</strong></span> <span class='ocrx_word' id='word_1_101' title='bbox 1275 2891 1395 2948; x_wconf 87' lang='lat' dir='ltr'><strong>stases</strong></span> <span class='ocrx_word' id='word_1_102' title='bbox 1423 2891 1461 2946; x_wconf 88' lang='lat' dir='ltr'><strong>et</strong></span> <span class='ocrx_word' id='word_1_103' title='bbox 1485 2870 1630 2946; x_wconf 87' lang='lat' dir='ltr'><strong>insulae</strong></span> <span class='ocrx_word' id='word_1_104' title='bbox 1655 2874 1870 2975; x_wconf 83' lang='lat' dir='ltr'><strong>dispersae,</strong></span> <span class='ocrx_word' id='word_1_105' title='bbox 1899 2833 2078 2976; x_wconf 26' lang='lat' dir='ltr'><strong>&#39;lividaep</strong></span> 
     </span>
     <span class='ocr_line' id='line_1_15' title="bbox 371 3027 2094 3140; baseline -0.003 -32"><span class='ocrx_word' id='word_1_106' title='bbox 371 3058 451 3108; x_wconf 85' lang='lat' dir='ltr'><strong>non</strong></span> <span class='ocrx_word' id='word_1_107' title='bbox 466 3027 775 3140; x_wconf 74' lang='lat' dir='ltr'><strong>circumscriptae</strong></span> <span class='ocrx_word' id='word_1_108' title='bbox 795 3044 901 3122; x_wconf 73' lang='lat' dir='ltr'><strong>sunt5</strong></span> <span class='ocrx_word' id='word_1_109' title='bbox 926 3053 1013 3128; x_wconf 88' lang='lat' dir='ltr'><strong>pars</strong></span> <span class='ocrx_word' id='word_1_110' title='bbox 1039 3053 1130 3102; x_wconf 79' lang='lat' dir='ltr'><strong>vero</strong></span> <span class='ocrx_word' id='word_1_111' title='bbox 1157 3027 1343 3102; x_wconf 88' lang='lat' dir='ltr'><strong>canalium</strong></span> <span class='ocrx_word' id='word_1_112' title='bbox 1360 3030 1524 3129; x_wconf 86' lang='lat' dir='ltr'><strong>penitius</strong></span> <span class='ocrx_word' id='word_1_113' title='bbox 1551 3028 1688 3140; x_wconf 86' lang='lat' dir='ltr'><strong>deleta,</strong></span> <span class='ocrx_word' id='word_1_114' title='bbox 1712 3053 1801 3128; x_wconf 86' lang='lat' dir='ltr'><strong>pars</strong></span> <span class='ocrx_word' id='word_1_115' title='bbox 1828 3044 2008 3103; x_wconf 85' lang='lat' dir='ltr'><strong>evacuata</strong></span> <span class='ocrx_word' id='word_1_116' title='bbox 2036 3046 2094 3103; x_wconf 85' lang='lat' dir='ltr'><strong>et-</strong></span> 
     </span>
     <span class='ocr_line' id='line_1_16' title="bbox 360 3168 2074 3286; baseline -0.003 -26"><span class='ocrx_word' id='word_1_117' title='bbox 360 3201 512 3260; x_wconf 66' lang='lat' dir='ltr'><strong>‘mutata</strong></span> <span class='ocrx_word' id='word_1_118' title='bbox 529 3201 595 3258; x_wconf 81' lang='lat' dir='ltr'><strong>cst.</strong></span> <span class='ocrx_word' id='word_1_119' title='bbox 621 3183 749 3256; x_wconf 73' lang='lat' dir='ltr'><strong>Stasas</strong></span> <span class='ocrx_word' id='word_1_120' title='bbox 768 3197 806 3252; x_wconf 86' lang='lat' dir='ltr'><strong>et</strong></span> <span class='ocrx_word' id='word_1_121' title='bbox 830 3180 988 3272; x_wconf 85' lang='lat' dir='ltr'><strong>insulae,</strong></span> <span class='ocrx_word' id='word_1_122' title='bbox 1015 3183 1053 3254; x_wconf 93' lang='lat' dir='ltr'><strong>in</strong></span> <span class='ocrx_word' id='word_1_123' title='bbox 1070 3181 1363 3257; x_wconf 83' lang='lat' dir='ltr'><strong>inflammatione</strong></span> <span class='ocrx_word' id='word_1_124' title='bbox 1389 3198 1546 3286; x_wconf 29' lang='lat' dir='ltr'><strong>san-unte</strong></span> <span class='ocrx_word' id='word_1_125' title='bbox 1567 3181 1844 3279; x_wconf 81' lang='lat' dir='ltr'><strong>contingentes,</strong></span> <span class='ocrx_word' id='word_1_126' title='bbox 1871 3168 1975 3255; x_wconf 84' lang='lat' dir='ltr'><strong>circa</strong></span> <span class='ocrx_word' id='word_1_127' title='bbox 1993 3181 2074 3258; x_wconf 77' lang='lat' dir='ltr'><strong>rul-</strong></span> 
     </span>
     <span class='ocr_line' id='line_1_17' title="bbox 373 3333 2071 3436; baseline -0.002 -22"><span class='ocrx_word' id='word_1_128' title='bbox 373 3341 474 3414; x_wconf 87' lang='lat' dir='ltr'><strong>neris</strong></span> <span class='ocrx_word' id='word_1_129' title='bbox 485 3339 691 3436; x_wconf 81' lang='lat' dir='ltr'><strong>marginem</strong></span> <span class='ocrx_word' id='word_1_130' title='bbox 710 3333 903 3425; x_wconf 76' lang='lat' dir='ltr'><strong>collectae,</strong></span> <span class='ocrx_word' id='word_1_131' title='bbox 920 3334 1017 3405; x_wconf 86' lang='lat' dir='ltr'><strong>lueto</strong></span> <span class='ocrx_word' id='word_1_132' title='bbox 1033 3333 1169 3406; x_wconf 82' lang='lat' dir='ltr'><strong>rubrae</strong></span> <span class='ocrx_word' id='word_1_133' title='bbox 1194 3352 1231 3409; x_wconf 91' lang='lat' dir='ltr'><strong>et</strong></span> <span class='ocrx_word' id='word_1_134' title='bbox 1258 3335 1563 3436; x_wconf 85' lang='lat' dir='ltr'><strong>circumscriptae</strong></span> <span class='ocrx_word' id='word_1_135' title='bbox 1580 3351 1686 3426; x_wconf 86' lang='lat' dir='ltr'><strong>sunt,</strong></span> <span class='ocrx_word' id='word_1_136' title='bbox 1701 3351 1739 3408; x_wconf 87' lang='lat' dir='ltr'><strong>et</strong></span> <span class='ocrx_word' id='word_1_137' title='bbox 1758 3334 1921 3426; x_wconf 88' lang='lat' dir='ltr'><strong>canales,</strong></span> <span class='ocrx_word' id='word_1_138' title='bbox 1936 3335 1975 3408; x_wconf 91' lang='lat' dir='ltr'><strong>in</strong></span> <span class='ocrx_word' id='word_1_139' title='bbox 1991 3336 2071 3436; x_wconf 86' lang='lat' dir='ltr'><strong>qui·</strong></span> 
     </span>
     <span class='ocr_line' id='line_1_18' title="bbox 366 3469 2070 3588; baseline -0.005 -19"><span class='ocrx_word' id='word_1_140' title='bbox 366 3495 437 3568; x_wconf 87' lang='lat' dir='ltr'><strong>bus</strong></span> <span class='ocrx_word' id='word_1_141' title='bbox 462 3507 670 3580; x_wconf 84' lang='lat' dir='ltr'><strong>versantur,</strong></span> <span class='ocrx_word' id='word_1_142' title='bbox 696 3489 796 3563; x_wconf 84' lang='lat' dir='ltr'><strong>bene</strong></span> <span class='ocrx_word' id='word_1_143' title='bbox 823 3485 1037 3577; x_wconf 86' lang='lat' dir='ltr'><strong>infarciunt,</strong></span> <span class='ocrx_word' id='word_1_144' title='bbox 1063 3511 1158 3586; x_wconf 89' lang='lat' dir='ltr'><strong>quos</strong></span> <span class='ocrx_word' id='word_1_145' title='bbox 1173 3485 1315 3588; x_wconf 88' lang='lat' dir='ltr'><strong>dupplo</strong></span> <span class='ocrx_word' id='word_1_146' title='bbox 1342 3489 1392 3560; x_wconf 88' lang='lat' dir='ltr'><strong>ad</strong></span> <span class='ocrx_word' id='word_1_147' title='bbox 1415 3488 1569 3588; x_wconf 89' lang='lat' dir='ltr'><strong>triplum</strong></span> <span class='ocrx_word' id='word_1_148' title='bbox 1595 3511 1716 3585; x_wconf 88' lang='lat' dir='ltr'><strong>usque</strong></span> <span class='ocrx_word' id='word_1_149' title='bbox 1743 3469 1885 3560; x_wconf 82' lang='lat' dir='ltr'><strong>ambitu</strong></span> <span class='ocrx_word' id='word_1_150' title='bbox 1906 3487 2070 3562; x_wconf 84' lang='lat' dir='ltr'><strong>normali</strong></span> 
     </span>
     <span class='ocr_line' id='line_1_19' title="bbox 370 3638 2067 3740; baseline -0.002 -20"><span class='ocrx_word' id='word_1_151' title='bbox 370 3643 585 3720; x_wconf 79' lang='lat' dir='ltr'><strong>extendunt</strong></span> <span class='ocrx_word' id='word_1_152' title='bbox 617 3683 669 3699; x_wconf 90' lang='lat'><strong>-·-</strong></span> <span class='ocrx_word' id='word_1_153' title='bbox 695 3641 822 3714; x_wconf 80' lang='lat' dir='ltr'><strong>Stasea</strong></span> <span class='ocrx_word' id='word_1_154' title='bbox 851 3655 889 3712; x_wconf 87' lang='lat' dir='ltr'><strong>et</strong></span> <span class='ocrx_word' id='word_1_155' title='bbox 926 3638 1069 3714; x_wconf 83' lang='lat' dir='ltr'><strong>insulae</strong></span> <span class='ocrx_word' id='word_1_156' title='bbox 1105 3641 1145 3712; x_wconf 88' lang='lat' dir='ltr'><strong>in</strong></span> <span class='ocrx_word' id='word_1_157' title='bbox 1180 3639 1477 3716; x_wconf 77' lang='lat' dir='ltr'><strong>inflammatione</strong></span> <span class='ocrx_word' id='word_1_158' title='bbox 1512 3640 1781 3740; x_wconf 84' lang='lat' dir='ltr'><strong>suppuratoria</strong></span> <span class='ocrx_word' id='word_1_159' title='bbox 1804 3641 1918 3714; x_wconf 78' lang='lat' dir='ltr'><strong>variis</strong></span> <span class='ocrx_word' id='word_1_160' title='bbox 1947 3639 2067 3716; x_wconf 84' lang='lat' dir='ltr'><strong>turbis</strong></span> 
     </span>
    </p>

    <p class='ocr_par' dir='ltr' id='par_1_13' title="bbox 315 3743 2107 4054">
     <span class='ocr_line' id='line_1_20' title="bbox 315 3743 2107 3898; baseline 0.001 -28"><span class='ocrx_word' id='word_1_161' title='bbox 315 3857 318 3864; x_wconf 90' lang='lat'><em>.</em></span> <span class='ocrx_word' id='word_1_162' title='bbox 367 3801 471 3898; x_wconf 82' lang='lat' dir='ltr'><strong>largo</strong></span> <span class='ocrx_word' id='word_1_163' title='bbox 490 3771 880 3895; x_wconf 66' lang='lat' dir='ltr'><strong>sunteinctuccyclo}</strong></span> <span class='ocrx_word' id='word_1_164' title='bbox 907 3809 1128 3874; x_wconf 79' lang='lat' dir='ltr'><strong>stasesvero</strong></span> <span class='ocrx_word' id='word_1_165' title='bbox 1155 3811 1193 3868; x_wconf 88' lang='lat' dir='ltr'><strong>et</strong></span> <span class='ocrx_word' id='word_1_166' title='bbox 1220 3787 1418 3869; x_wconf 65' lang='lat' dir='ltr'><strong>insularis</strong></span> <span class='ocrx_word' id='word_1_167' title='bbox 1432 3793 1726 3893; x_wconf 74' lang='lat' dir='ltr'><strong>inflammatione</strong></span> <span class='ocrx_word' id='word_1_168' title='bbox 1739 3811 1897 3869; x_wconf 88' lang='lat' dir='ltr'><strong>sanante</strong></span> <span class='ocrx_word' id='word_1_169' title='bbox 1914 3797 2062 3872; x_wconf 83' lang='lat' dir='ltr'><strong>anullis</strong></span> <span class='ocrx_word' id='word_1_170' title='bbox 2097 3743 2107 3774; x_wconf 44' lang='grc' dir='ltr'><em>Ι</em></span> 
     </span>
     <span class='ocr_line' id='line_1_21' title="bbox 367 3925 2060 4054; baseline 0 -27"><span class='ocrx_word' id='word_1_171' title='bbox 367 3955 525 4054; x_wconf 81' lang='lat' dir='ltr'><strong>amplius</strong></span> <span class='ocrx_word' id='word_1_172' title='bbox 551 3968 639 4025; x_wconf 88' lang='lat' dir='ltr'><strong>sunt</strong></span> <span class='ocrx_word' id='word_1_173' title='bbox 663 3951 933 4026; x_wconf 77' lang='lat' dir='ltr'><strong>circumsessae</strong></span> <span class='ocrx_word' id='word_1_174' title='bbox 957 3947 1089 4022; x_wconf 86' lang='lat' dir='ltr'><strong>turbis.</strong></span> <span class='ocrx_word' id='word_1_175' title='bbox 1115 3925 1436 4050; x_wconf 86' lang='lat' dir='ltr'><strong>Parenchymain</strong></span> <span class='ocrx_word' id='word_1_176' title='bbox 1470 3947 1762 4024; x_wconf 83' lang='lat' dir='ltr'><strong>inflammatione</strong></span> <span class='ocrx_word' id='word_1_177' title='bbox 1794 3952 2060 4053; x_wconf 79' lang='lat' dir='ltr'><strong>supportatoria</strong></span> 
     </span>
    </p>
   </div>
   <div class='ocr_carea' id='block_1_13' title="bbox 366 4099 2059 4205">
    <p class='ocr_par' dir='ltr' id='par_1_14' title="bbox 366 4099 2059 4205">
     <span class='ocr_line' id='line_1_22' title="bbox 366 4099 2059 4205; baseline 0.002 -25"><span class='ocrx_word' id='word_1_178' title='bbox 366 4127 571 4205; x_wconf 80' lang='lat' dir='ltr'><strong>turgorem,</strong></span> <span class='ocrx_word' id='word_1_179' title='bbox 597 4105 687 4178; x_wconf 89' lang='lat' dir='ltr'><strong>licet</strong></span> <span class='ocrx_word' id='word_1_180' title='bbox 710 4123 834 4178; x_wconf 85' lang='lat' dir='ltr'><strong>tmnor</strong></span> <span class='ocrx_word' id='word_1_181' title='bbox 860 4121 1048 4204; x_wconf 80' lang='lat' dir='ltr'><strong>augeatur,</strong></span> <span class='ocrx_word' id='word_1_182' title='bbox 1076 4099 1317 4202; x_wconf 87' lang='lat' dir='ltr'><strong>coloremque</strong></span> <span class='ocrx_word' id='word_1_183' title='bbox 1343 4101 1481 4176; x_wconf 88' lang='lat' dir='ltr'><strong>laetum</strong></span> <span class='ocrx_word' id='word_1_184' title='bbox 1507 4101 1692 4204; x_wconf 86' lang='lat' dir='ltr'><strong>deperdit,</strong></span> <span class='ocrx_word' id='word_1_185' title='bbox 1719 4127 1827 4204; x_wconf 86' lang='lat' dir='ltr'><strong>quoa,</strong></span> <span class='ocrx_word' id='word_1_186' title='bbox 1854 4103 2059 4182; x_wconf 80' lang='lat' dir='ltr'><strong>inflamma·</strong></span> 
     </span>
    </p>
   </div>
   <div class='ocr_carea' id='block_1_14' title="bbox 361 4231 1383 4359">
    <p class='ocr_par' dir='ltr' id='par_1_15' title="bbox 361 4231 1383 4359">
     <span class='ocr_line' id='line_1_23' title="bbox 361 4231 1383 4359; baseline -0.008 -23"><span class='ocrx_word' id='word_1_187' title='bbox 361 4266 471 4337; x_wconf 88' lang='lat' dir='ltr'><strong>tione</strong></span> <span class='ocrx_word' id='word_1_188' title='bbox 496 4231 654 4334; x_wconf 73' lang='lat' dir='ltr'><strong>sanante</strong></span> <span class='ocrx_word' id='word_1_189' title='bbox 680 4257 905 4350; x_wconf 84' lang='lat' dir='ltr'><strong>introducta,</strong></span> <span class='ocrx_word' id='word_1_190' title='bbox 931 4257 1072 4346; x_wconf 87' lang='lat' dir='ltr'><strong>sensim</strong></span> <span class='ocrx_word' id='word_1_191' title='bbox 1095 4271 1305 4359; x_wconf 86' lang='lat' dir='ltr'><strong>recuperat.</strong></span> <span class='ocrx_word' id='word_1_192' title='bbox 1330 4293 1383 4314; x_wconf 76' lang='grc'><strong>«-</strong></span> 
     </span>
    </p>
   </div>
   <div class='ocr_carea' id='block_1_15' title="bbox 0 0 2446 6194">
    <p class='ocr_par' dir='ltr' id='par_1_16' title="bbox 0 0 2446 6194">
     <span class='ocr_line' id='line_1_24' title="bbox 0 0 2446 6194; baseline 0 0"><span class='ocrx_word' id='word_1_193' title='bbox 0 0 2446 6194; x_wconf 95' lang='lat' dir='ltr'><strong> </strong></span> 
     </span>
    </p>
   </div>
  </div>
 </body>
</html>
