4838 6192
1196 599 1246 683 9⁰

349 780 353 788 ¹
378 792 717 896 aparenebymate
739 787 893 892 quidem
922 784 1132 890 sejungitur
1139 813 1153 881 3
1178 785 1403 912 membrano¹
1422 805 1547 864 sutem
1563 787 1651 894 ipsa
1672 816 1758 868 eum
1785 749 2077 903 parencbymats

379 947 433 1021 ita
459 945 655 1039 cohaeret,
682 961 724 1018 ut
755 943 854 1018 illins
882 967 971 1045 pars
997 940 1288 1036 esscrideamr,
1323 958 1361 1018 et
1380 943 1658 1061 commercium,
1678 946 1799 1048 ‘quod
1819 949 1919 1027 iuter
1940 953 2078 1060 paren.

381 1101 515 1204 cbyma
540 1117 579 1174 et
602 1097 824 1200 sanguinem
849 1097 974 1172 locum
997 1111 1121 1188 tenet,
1146 1119 1197 1170 ne
1219 1095 1374 1170 minime
1398 1093 1553 1198 quidem
1577 1097 1761 1202 impedire
1783 1105 1919 1207 possit.

291 1325 376 1398 35¹(-
543 1311 581 1388 d.
608 1308 797 1412 Quoniam
836 1277 964 1408 itaque
998 1275 1265 1384 commercium
1304 1305 1582 1383 clandestinum
1610 1267 1710 1386 inter
1738 1313 1997 1418 parencbyma
2036 1321 2077 1393 et

378 1450 600 1568 sanguinem
623 1463 757 1538 adesse
777 1475 914 1565 potest,
940 1460 1150 1555 videamus,
1187 1483 1353 1564 quonam
1378 1461 1494 1538 modo
1517 1459 1613 1540 baec
1630 1462 1866 1542 clandestina
1884 1469 2065 1546 materiae

267 1697 269 1704 ,
376 1619 597 1699 vicissitudo
624 1634 839 1721 peragatur.
889 1613 949 1689 Ad
967 1613 1288 1718 metamorphoses
1314 1613 1428 1691 miras
1435 1669 1447 1708 ,
1476 1641 1571 1718 quas
1592 1618 1785 1720 sanguinis
1807 1617 1950 1720 globuli
1965 1647 2085 1724 prae·¹

293 1807 297 1817 ·
377 1773 489 1880 cipue
513 1773 553 1846 in
576 1772 738 1846 nansitu
762 1795 806 1846 cx
829 1769 975 1844 arteriis
994 1769 1034 1841 in
1056 1794 1171 1846 renas
1193 1767 1404 1871 patiuntur,
1429 1769 1596 1844 animum
1617 1769 1785 1866 intendi,
1812 1789 1851 1849 et
1870 1790 2071 1848 metamor·

375 1927 527 2032 phasim
557 1922 750 2025 sanguinis
776 1923 950 1998 arteriosi
975 1923 1015 1995 in
1041 1948 1223 1999 venosum
1255 1921 1388 1996 intime
1414 1947 1499 1996 cum
1526 1921 1775 2025 depositionis
1805 1949 1986 2027 processu
2011 1950 2077 2001 co·

374 2050 543 2176 haerere,
578 2077 783 2155 aestimavi.
841 2075 994 2152 Globuli
1014 2075 1220 2176 sanguinis,
1247 2073 1313 2172 qui
1336 2073 1375 2147 in
1395 2075 1544 2152 arteriis
1565 2075 1779 2174 decurrunt,
1804 2077 1957 2180 turgidi,
1979 2077 2070 2155 laeti

374 2237 532 2330 coloris,
561 2251 599 2309 et
623 2233 736 2342 certis
765 2229 998 2330 marginibus
1025 2229 1202 2304 instructi
1232 2245 1341 2302 sunta
1372 2227 1441 2304 scd
1467 2230 1620 2333 saepius
1655 2187 1824 2308 interae
1851 2233 1960 2335 quasi
1982 2257 2075 2309 con·

374 2385 623 2492 glutinantur,
664 2381 847 2476 fortasse,
882 2383 971 2483 quia
1000 2407 1086 2458 aero
1117 2381 1197 2456 lere
1225 2381 1330 2457 nullo
1361 2383 1478 2460 cincti
1504 2401 1601 2459 suns
1650 2383 1784 2475 Aethi
1810 2383 1952 2486 globuli
1975 2401 2074 2463 arte·
2114 2483 2121 2504 ,

373 2543 479 2636 riosi,
513 2525 628 2658 quum
656 2539 696 2612 in
717 2561 808 2612 rasa
831 2535 1024 2637 capillaria
1045 2533 1297 2626 effunduntur,
1324 2535 1364 2608 in
1389 2535 1526 2638 quibus
1546 2535 1687 2612 lentius
1708 2536 1914 2612 decurrunt
1939 2555 1977 2612 et
1993 2539 2076 2614 diu·

372 2693 448 2778 tius
473 2707 770 2783 commorantur,
796 2705 985 2789 tergerem
1006 2689 1147 2770 sensim
1169 2687 1335 2791 perdant
1357 2706 1395 2766 et
1416 2691 1469 2764 ita
1492 2706 1656 2784 tument,
1680 2708 1724 2764 nt
1749 2689 1940 2767 volumine
1971 2695 2074 2768 aucti

218 2824 220 2836 Ι
271 2879 278 2886 ·
373 2873 458 2927 esse
488 2847 700 2926 rideantur.
752 2847 849 2918 Turn
882 2867 1006 2920 serum
1033 2839 1224 2940 quoddam
1250 2837 1421 2916 exhalare
1443 2841 1639 2940 videntur,
1671 2868 1748 2944 quo
1773 2841 1991 2944 cingeretur,
2028 2863 2067 2922 et

290 3063 298 3080 .
373 3002 415 3076 in
451 2999 558 3102 quod
589 2997 778 3100 margines
810 2993 1050 3095 globulorum
1080 3019 1306 3069 venosorum
1337 2983 1610 3105 aliquantulum
1645 2994 1856 3072 debiscunt.
1920 2995 2075 3076 Globuli

373 3153 506 3232 venosi
528 3151 580 3228 ob
598 3131 717 3254 hujus¹
732 3149 808 3225 scri
829 3145 1099 3222 intercedentis
1126 3143 1276 3247 copiam
1301 3139 1379 3222 non
1400 3145 1515 3221 facile
1541 3145 1700 3252 amplius
1725 3148 1825 3224 inter
1847 3175 1890 3226 se
1915 3151 2070 3252 conglu-

374 3309 553 3384 tinantur.
605 3301 750 3378 Eadem
777 3301 952 3391 materia,
988 3283 1201 3400 quamse'ri
1222 3299 1377 3372 nominc
1396 3323 1536 3374 ornare
1557 3317 1690 3403 potes,
1727 3299 1816 3376 dum
1843 3327 1888 3376 ox
1909 3301 2073 3403 globulis

376 3457 569 3536 arteriasis
595 3455 809 3558 deponitur,
835 3452 950 3526 etiam
968 3451 1006 3525 in
1020 3451 1276 3551 parenohyma
1299 3449 1474 3526 diffluere
1490 3451 1648 3546 videtur,
1676 3471 1715 3530 et
1730 3455 1799 3529 tali
1819 3437 1937 3532 modo
1955 3455 2073 3562 depo·

374 3613 563 3706 altionem,
589 3633 688 3712 quae
707 3633 729 3684 e
747 3607 929 3706 sanguine
954 3607 992 3678 in
1014 3577 1269 3708 paren'obyma
1289 3603 1487 3705 contingit,
1514 3603 1687 3683 absolvit.
1738 3609 1854 3708 lgitur
1877 3609 2068 3710 depositio

375 3768 415 3840 iu
438 3781 538 3840 statu
558 3787 654 3838 sano
681 3759 916 3860 asanguine,
941 3758 1007 3859 qui
1027 3783 1071 3832 ex
1091 3757 1241 3832 arteriis
1265 3758 1304 3828 in
1326 3783 1440 3832 venas
1462 3719 1757 3860 transgrediens,
1783 3761 2069 3839 materiem-ali·

340 3963 343 3970 ·
376 3943 488 4020 quem
514 3915 669 4008 emittit,
695 3912 903 4015 perficitur,
930 3927 969 3984 et
992 3911 1184 4012 sanguinis
1209 3909 1352 4010 globuli
1375 3910 1510 3986 codem
1531 3934 1717 4014 processu
1744 3933 1789 3985 ex
1815 3914 2006 3988 arteriasis
2028 3913 2070 3988 in

360 4095 541 4162 ‚venosus
580 4085 771 4144 mutamur
778 4122 790 4161 ,
825 4092 871 4142 ae
904 4065 1099 4141 materiam
1136 4063 1327 4163 qrrandam
1352 4053 1716 4168 inparencbymate
1744 4065 1967 4169 deponunt3
2001 4092 2071 4144 seu

373 4224 455 4301 vice
475 4247 604 4314 versa,
650 4219 794 4319 globuli
821 4217 1013 4322 sanguinis
1037 4215 1232 4290 materiam
1258 4219 1296 4292 in
1317 4219 1618 4322 parenebymate
1646 4193 1872 4324 deponunt,
1907 4219 1996 4298 dum
2027 4205 2097 4294 in¹

375 4401 491 4453 venas
517 4375 766 4474 trajiciuntur.

290 4585 373 4658 558·
541 4593 573 4644 e.
600 4569 816 4662 Materiam,
842 4590 940 4670 quae
960 4565 1133 4668 deposita
1158 4584 1232 4656 est,
1261 4565 1425 4640 eraclius
1446 4567 1659 4641 examinare
1681 4593 1760 4642 non
1779 4569 1905 4669 potui,
1932 4569 2000 4645 sed
2025 4569 2068 4642 il·

374 4726 449 4800 lam
471 4724 613 4802 seriam
640 4745 743 4814 esse,
776 4738 894 4824 patet.
956 4721 1054 4795 Nam
1078 4721 1118 4794 in
1150 4721 1289 4824 hepate
1325 4717 1433 4810 bilis,
1472 4719 1511 4792 in
1540 4743 1635 4794 rene
1664 4722 1873 4814 urinarum,
1911 4723 1952 4795 in
1986 4722 2069 4798 aliis

377 4877 526 4978 organis
555 4893 594 4952 et
623 4877 663 4951 in
686 4870 827 4952 morbis
855 4873 1012 4950 aliarum
1033 4876 1273 4950 materiarum
1298 4874 1513 4970 rudimenta
1539 4872 1794 4975 deponuntur.
1846 4875 2066 4973 Quaeritur,
