4838 6192
1206 580 1275 644 102

385 733 536 882 semper
559 778 676 882 plene
698 767 737 850 et
756 773 969 856 distributio
994 787 1052 846 sat
1072 765 1281 870 aequabilis
1309 777 1378 840 est.
1430 767 1559 842 Stasea
1571 819 1583 856 ,
1609 791 1706 866 quae
1727 768 1875 843 demum
1895 771 2077 864 oriuntur,

391 932 697 1034 circumscriptae
724 946 762 1003 et
785 925 1025 1019 sat-rubrae,
1060 929 1307 1022 vasorumque
1332 921 1496 1024 parietes
1519 945 1651 1021 parum
1680 923 1813 998 mutati
1831 937 1928 996 sunt.
1981 907 2076 998 sin·
2197 915 2201 938 '

385 1085 509 1186 guinis
535 1083 677 1184 globuli
697 1054 859 1186 ¹propter
882 1097 1025 1154 motum
1053 1075 1290 1150 deficientem
1311 1075 1410 1148 inter
1432 1099 1473 1149 se
1501 1074 1749 1166 coalescunt3.
1767 1073 1916 1150 indoles
1951 1091 2075 1150 autem

388 1238 537 1313 illorum
561 1254 599 1310 et
621 1235 943 1338 perenchymatis,
973 1230 1077 1332 quod
1096 1245 1237 1326 turget,
1267 1227 1422 1328 propria
1446 1253 1578 1329 parum
1604 1245 1776 1302 mutatur.
1829 1227 2073 1303 inflammatio

386 1389 564 1466 morbosa
589 1389 720 1492 topica
745 1389 850 1462 haud
876 1387 996 1486 longe
1013 1399 1156 1486 perstat
1173 1398 1211 1454 et
1230 1377 1345 1454 tacite
1372 1381 1506 1486 iterum
1529 1379 1739 1454 resolvitur.
1850 1431 1851 1434 ,

548 1699 586 1762 2.
607 1677 944 1794 ‚inflammatio
970 1675 1100 1780 plus,
1126 1674 1289 1752 minus
1317 1697 1537 1774 expansa.

292 1882 378 1954 407,
511 1940 512 1950 χ
546 1859 796 1934 inflammatio
816 1881 919 1932 mare
944 1855 1073 1954 topica
1100 1852 1292 1936 rarissima
1315 1868 1391 1946 θεὶς
1420 1851 1487 1934 sed
1508 1850 1658 1928 affectio
1685 1851 1904 1954 plerumque
1926 1854 1966 1928 in
1986 1879 2071 1954 cyc-

241 2097 247 2108 ,
290 2053 294 2060 ·
375 2012 417 2086 lo
435 2011 540 2113 plus,
565 2012 688 2084 minus
719 2010 823 2109 largo
850 2013 953 2084 circa
974 2008 1118 2098 locum,
1143 2005 1304 2106 primum
1324 2003 1519 2096 affectum,
1544 2006 1743 2106 spargitur.
1780 2007 1819 2082 Si
1840 2007 1940 2080 haec
1957 2005 2070 2112 affec-7

375 2165 447 2248 tio,
469 2163 600 2263 exigua
615 2180 699 2282 est,
723 2161 1081 2263 metamorphosiups
1115 2157 1296 2232 decursus
1303 2211 1315 2249 ,
1343 2158 1494 2258 qualern
1517 2159 1690 2259 exposui,
1717 2183 1850 2259 parum
1877 2157 1966 2231 inde
1992 2185 2071 2232 rno-

376 2295 653 2411 dliicatur3'ast
680 2314 988 2394 inflammationis
1010 2311 1131 2386 turbis
1154 2311 1273 2408 magis
1299 2312 1495 2411 magisque
1521 2312 1713 2412 expansis,
1747 2279 1960 2411 systematis
1986 2333 2071 2394 san·

375 2471 509 2569 gninei
534 2468 858 2570 metamorphoses
881 2466 994 2540 aliurn
1021 2465 1184 2538 induunt
1206 2445 1480 2555 characterem,
1533 2463 1689 2552 abillo,
1717 2485 1828 2562 quern
1855 2462 1894 2534 in
1926 2459 2069 2534 inflam-

316 2655 321 2663 ¹
372 2621 541 2696 mationa
565 2623 696 2722 topica
720 2618 939 2710 servabant,
989 2617 1174 2714 co‘magis
1201 2616 1460 2705 recedentem,
1497 2639 1574 2714 quo
1600 2613 1757 2714 amplius
1787 2613 2056 2714 expanduntur.

372 2776 499 2848 Motus
525 2771 720 2872 sanguinis
753 2769 985 2848 acceleratus
1010 2770 1129 2845 serius
1162 2769 1359 2868 seriusque
1397 2767 1546 2842 demum
1569 2766 1790 2840 retardatur.
1841 2765 2065 2838 lietardatus

370 2950 474 3018 vero,
498 2951 587 3001 mox
600 2923 839 3027 pertubatur
854 2939 892 2996 et
913 2921 1109 2998 ad'stasim
1127 2923 1256 3020 vergit.
1284 2923 1414 2998 Stasea
1446 2895 1498 2996 eo
1522 2920 1771 3022 dispersiores
1789 2936 1828 2992 ct
1852 2918 1975 2990 minus
1996 2890 2078 2992 cir·¹

371 3079 621 3180 cumscriptae
649 3093 755 3168 sunt,
781 3101 857 3174 quo
882 3075 1029 3148 tardius
1053 3076 1204 3148 intrant.
1257 3075 1393 3148 Undae
1415 3073 1554 3148 flumen
1585 3072 1738 3172 plenum
1767 3067 1852 3168 j'am'
1872 3072 1913 3141 in
1930 3095 2066 3144 secun·

371 3232 424 3308 do
445 3229 751 3304 inflammationis
786 3228 911 3302 stadio
949 3227 1209 3317 imminuitur,¹
1250 3244 1288 3300 et
1310 3244 1414 3301 motu
1459 3225 1668 3326 praecipite
1689 3233 1902 3322 perstante,
1944 3223 1982 3294 in
2012 3222 2068 3294 ul·

380 3379 582 3457 terioribus
601 3381 734 3454 stadiis
765 3378 885 3478 magis
908 3379 1102 3478 magisque
1139 3369 1366 3454 attenuatur.
1416 3379 1601 3464 Vesorum
1618 3376 1782 3478 parietes
1796 3391 1967 3449 tenorem
1983 3401 2066 3477 pcr-

220 3559 224 3574 ¹
341 3505 343 3512 ,
380 3535 485 3610 dunt.
532 3532 686 3608 indoles
711 3549 836 3606 eutem
850 3531 1008 3634 propria
1037 3499 1232 3630 sanguinis
1252 3547 1290 3604 et
1306 3527 1611 3630 perenchpmatis
1633 3525 1896 3600 diversissimis
1926 3528 2080 3620 modis,-

380 3709 478 3784 quos
503 3683 655 3777 adesse,
683 3684 838 3786 quidem
863 3685 963 3778 scio,
988 3683 1058 3758 sed
1077 3683 1182 3786 ipsos
1195 3683 1350 3756 minime
1371 3681 1483 3772 nori,
1502 3680 1638 3752 mutari
1669 3669 1808 3784 pote'st.

260 3939 377 4008 ‘4080
525 3923 722 4050 ¹inescat,
752 3907 1097 4035 metamorphoses,
1137 3923 1249 4006 sicuti
1272 3957 1343 4032 pro
1370 3929 1503 4004 stadiis
1528 3929 1860 4030 progredientibus
1890 3907 2064 4007 evolvan-¹

371 4059 451 4179 tur,
477 4105 640 4164 cunctae
657 4115 703 4164 ex
726 4088 862 4164 eodem
879 4104 1043 4189 puncto,
1069 4075 1172 4188 quod
1201 4085 1327 4185 primo
1356 4083 1501 4158 laesum
1517 4099 1594 4175 est,
1618 4079 1821 4182 proficisci.
1872 4082 1971 4158 Dum
1987 4110 2064 4160 mc·
2120 4034 2123 4048 ἡ

330 4201 342 4236 l
371 4200 632 4344 tamorpboses
657 4241 856 4316 ulteriores
872 4239 1111 4330 evolvuntur,
1135 4237 1286 4339 priores
1307 4259 1437 4312 tersus
1458 4233 1711 4337 peripheriam
1731 4231 2008 4335 protrudentur
2025 4254 2076 4310 et

369 4393 642 4495 expanduntur.
690 4392 785 4468 Tali
814 4393 933 4485 modo
959 4391 1021 4486 fit,
1043 4409 1088 4465 ut
1114 4390 1156 4464 in
1176 4387 1274 4492 cycli
1293 4385 1571 4462 inflammtttorii
1592 4387 1810 4489 peripheria
1824 4413 1975 4490 semper
1987 4359 2074 4490 pri-'¹

381 4567 468 4620 mac
493 4563 533 4621 et
548 4546 762 4624 levissimae
791 4543 949 4620 dissitas
979 4543 1057 4618 sint
1080 4543 1425 4644 metamorphoses,
1450 4557 1657 4644 augeantur
1675 4559 1800 4616 autem
1820 4567 1949 4618 tarsus
1965 4569 2063 4617 mor·

372 4696 552 4774 hiiocum.
607 4705 742 4800 Itaque
768 4701 809 4774 in
833 4696 1253 4800 cycloinllammatorio
1285 4696 1433 4790 erculto
1457 4691 1590 4771 omnes
1618 4696 1838 4797 systematis
1864 4696 2062 4796 sanguinei
2103 4769 2107 4778 ,

376 4851 729 4954 m'atamorphoses,
767 4877 862 4954 qaas
888 4849 1132 4944 inflammatio
1162 4845 1424 4954 percurrebat,
1440 4848 1551 4924 simul
1579 4849 1874 4958 conspiciendae
1896 4865 2000 4946 sunt,
2028 4865 2066 4922 et
