4838 6192
1970 448 1988 500 'x
2049 505 2051 518 ι

1123 513 1126 524 Δ
1205 569 1272 634 108

302 783 390 848 451.
556 758 803 833 Inflammatio
830 779 968 832 sanans
1002 753 1204 846 formatur,
1247 752 1336 826 dum
1360 753 1587 853 sanguis‚‚e
1619 751 1814 830 canalibus
1839 754 2008 835 formaris
2039 762 2079 834 in

388 913 539 992 canales
565 897 713 988 ricinos
737 913 893 1004 irruens,
921 907 1147 998 columellas,
1175 923 1213 978 et
1238 907 1278 981 in
1296 908 1552 1009 parenebyma
1576 908 1800 1010 prosiliens,
1827 911 1967 986 insulas
1993 937 2079 988 san·

388 1067 510 1170 guinis
522 1067 729 1166 stagnantis
740 1083 868 1167 parat,
895 1080 933 1138 et
952 1062 1040 1138 dum
1053 1057 1165 1136 simul
1178 1060 1433 1162 parenchyma
1445 1078 1635 1160 turgorem
1646 1059 1963 1164 laemmaequirit.
2024 1067 2081 1140 Ex
2130 1115 2133 1120 Δ

381 1217 566 1322 sanguine
593 1219 789 1322 deposito,
817 1216 1018 1316 adjurante
1043 1212 1357 1314 psrencbymate,
1397 1214 1555 1288 materia
1575 1215 1735 1316 plastica
1769 1233 1807 1292 et
1838 1241 1933 1310 vasa,
1960 1245 2079 1308 nova,
2190 1205 2207 1222 “

296 1375 300 1380 ’
384 1373 419 1447 si
444 1371 518 1447 illis
545 1393 640 1474 opus
668 1388 743 1463 est,
769 1384 1029 1471 procreantur.

297 1532 384 1598 432.
554 1523 784 1602 Columellas
811 1523 961 1596 demum
987 1546 1009 1594 a
1034 1518 1239 1620 sanguine,
1269 1521 1334 1620 qui
1359 1536 1472 1595 aucto
1498 1520 1641 1623 impetu
1666 1547 1689 1596 a
1711 1517 1817 1624 terg'o
1842 1524 1882 1598 in
1909 1525 1991 1601 illas
2015 1504 2080 1602 im·

384 1676 555 1780 pellitur,
589 1677 783 1752 solvuntur
821 1694 859 1752 et
894 1677 934 1750 in
969 1674 1148 1750 circulum
1176 1674 1390 1774 generalem
1431 1674 1672 1750 reducuntur.
1733 1675 1882 1753 Insulae
1917 1704 2007 1756 vero
2041 1698 2080 1753 et

386 1855 483 1930 quae
503 1828 656 1912 residua
681 1847 785 1922 sunt,
811 1829 1047 1904 clandestine
1073 1825 1334 1908 absorbentur.
1459 1831 1463 1840 '

167 1973 172 1978 ¹
294 2011 379 2076 435,
420 2089 424 2094 Ι
548 1981 795 2056 inflammatio
820 2004 958 2056 sanans
981 1980 1183 2056 morbosae
1208 2004 1255 2054 eo
1282 1979 1406 2088 affinis
1431 1987 1508 2075 est.
1547 2001 1587 2058 ut
1608 1982 1707 2058 hanc
1731 1985 1882 2085 saepius
1908 1987 2079 2085 insequa-
2133 2065 2138 2072 ,

381 2147 473 2226 tur,'
488 2151 526 2208 et
551 2159 721 2228 scenam,
748 2127 845 2234 quae
864 2134 913 2209 ab
931 2101 1224 2209 inflammatione
1240 2133 1417 2210 morbosa
1442 2151 1573 2234 aperta
1602 2135 1676 2228 sit,
1701 2136 1864 2214 claudat.
1917 2139 2076 2216 Maxime

381 2287 669 2362 inflammationi
692 2287 893 2364 morbosae
920 2289 1072 2390 topicae
1099 2287 1266 2378 aceedit,
1294 2311 1392 2388 quae
1419 2289 1573 2362 stasinm
1605 2287 1822 2364 charactere
1859 2289 1915 2364 illi
1946 2293 2077 2368 similis

383 2460 462 2538 ests
489 2439 561 2518 sed
586 2441 743 2542 originis
769 2457 861 2542 typo
889 2440 935 2514 ab
964 2440 1027 2514 illa
1053 2441 1153 2516 bene
1179 2440 1433 2538 distinguitur.
1484 2441 1659 2514 Attamen
1692 2443 1816 2545 accipi
1839 2462 1985 2544 potest,
2020 2448 2077 2518 in·

383 2595 678 2673 {lamnationem
701 2592 918 2668 morbosam
942 2595 1109 2694 topicam
1134 2593 1173 2666 in
1200 2578 1395 2668 sanantem
1422 2597 1610 2688 converti,
1633 2619 1731 2698 quae
1745 2595 1893 2670 demum
1919 2625 1942 2672 a
1966 2616 2072 2700 tergo

385 2749 560 2826 solvatur.
612 2745 853 2822 Differentiae
879 2745 970 2819 alias
993 2745 1071 2843 jam
1097 2744 1136 2817 in
1162 2746 1202 2839 Μ
1227 2743 1276 2840 96
1304 2761 1341 2818 et
1366 2734 1471 2846 sequ.
1498 2749 1659 2842 tradidi,
1689 2751 1728 2821 in
1763 2749 1901 2852 quibus
1934 2749 2078 2826 inflam-

384 2904 590 2980 mationem
616 2898 917 3005 suppuratoriam
950 2924 1033 2972 eum
1060 2914 1217 2972 sanante
1244 2871 1469 3000 comparari.
1521 2900 1768 3009 Iollanunatio
1807 2928 1897 2980 vero
1937 2928 2077 3008 suppu-

292 3135 298 3146 ,
385 3055 540 3172 tratoria
572 3053 622 3144 ad
645 3051 840 3130 morbosas
866 3052 1043 3150 pertinet.
