4838 6192
1214 609 1258 676 'id

399 795 525 872 adbuc
553 797 834 901 protrahuntur.
888 799 1074 874 Vesorum
1098 821 1189 874 rero
1214 798 1402 873 minorum
1430 823 1519 904 pars
1548 801 1709 876 maxima
1738 829 1868 900 vacua,
1894 832 1982 909 pars
2005 791 2088 884 'alia

391 950 555 1026 stasibus
576 953 728 1054 paucis,
757 951 937 1056 dispersis
970 970 1008 1026 et
1023 951 1331 1055 pallidisfobruta
1357 970 1426 1030 est.

293 1117 381 1185 sot·
549 1123 650 1194 Dum
668 1121 764 1197 baec
784 1123 822 1195 in
842 1121 1083 1225 pulmonibus
1106 1122 1352 1200 absolvuntur
1367 1121 1644 1224 phaenomena,
1677 1129 1953 1223 mesenterium,
1981 1129 2086 1232 quad

384 1275 470 1379 plus
489 1276 612 1351 minus
630 1265 741 1351 simul
760 1253 934 1354 affectum
955 1296 1011 1352 est
1022 1334 1033 1373 ,
1061 1279 1211 1354 casdem
1235 1275 1559 1380 metamorphoses
1581 1280 1739 1384 patitur,
1767 1245 1813 1357 ac
1831 1309 1944 1386 supra
1971 1309 2103 1386 capam

383 1431 453 1504 sui.
507 1433 590 1506 Nec
618 1433 742 1506 minus
771 1431 811 1505 in
836 1433 1053 1507 membrana
1076 1434 1266 1507 natatoria
1294 1432 1445 1508 casdem
1473 1433 1669 1510 observavi
1691 1436 1883 1535 sanguinis
1910 1453 1948 1511 et
1973 1463 2083 1512 raso·

380 1611 464 1658 rum
501 1585 764 1680 conditiones,
803 1611 849 1662 ac
883 1589 925 1660 in
957 1587 1215 1690 experimenta
1241 1585 1373 1690 priori.
1429 1571 1789 1690 Universos·igiu1r
1813 1587 1969 1666 affectus
1999 1614 2081 1664 esse

379 1737 578 1814 ridebatur
603 1741 850 1844 organismos.
961 1821 964 1830 ,

290 1899 377 1967 308·
547 1911 700 2010 Insigne
731 1903 793 1986 est
809 1910 1131 2024 phaenomenum,
1166 1911 1360 2010 sanguinis
1383 1925 1526 1986 motum
1553 1911 1594 1984 in
1617 1909 1878 2012 pulmonibus,
1913 1911 1979 2010 qui
2006 1875 2096 1986 reti.

380 2059 550 2166 capillari
576 2063 837 2140 extentissima
865 2064 1041 2164 gaudent,
1069 2066 1118 2140 ad
1145 2057 1447 2168 monemusque
1466 2067 1641 2169 rapidum
1665 2064 1794 2160 luisse,
1818 2063 1982 2164 quumin
2010 2090 2073 2139 or·

377 2213 485 2314 ganis
515 2215 729 2292 secretariis
754 2219 901 2292 cunctis
929 2217 1108 2293 facillime
1133 2221 1345 2294 retardetur
1369 2238 1407 2295 ct
1432 2238 1604 2318 stagnat..
1642 2220 1762 2292 Porro
1792 2214 1925 2291 turbae
1951 2243 1974 2290 a
2000 2217 2078 2291 sin-
2179 2237 2182 2240 ·

374 2368 471 2470 gulis
496 2369 592 2445 lacis
608 2369 806 2472 profectae
823 2388 937 2458 sunt„
974 2371 1145 2446 Tandem
1160 2391 1368 2466 memoratu
1393 2373 1637 2478 dignnm'est,
1666 2395 1828 2470 organa,
1856 2393 1953 2470 quae
1976 2396 2076 2444 mor·

372 2525 463 2618 burn
476 2549 590 2626 passa
606 2542 725 2619 erant,
750 2527 945 2628 sanguiue,
964 2525 1215 2626 inaequaliter
1227 2525 1424 2600 distributo
1437 2543 1474 2599 et
1484 2523 1565 2636 fere
1576 2523 1774 2614 dissoluta,
1800 2521 1961 2595 inlarota
1978 2546 2073 2614 esse,

373 2673 462 2750 dum
489 2703 633 2778 organa
658 2678 807 2780 reliqua
837 2678 1015 2782 (exempli
1036 2679 1175 2780 gratia,
1209 2678 1428 2754 membrana
1450 2677 1656 2770 natatoria,
1681 2675 1762 2750 sere
1791 2657 1893 2750 omni
1922 2679 2071 2776 sangui·

371 2829 431 2906 uis
458 2831 619 2934 uestigia
643 2832 791 2934 privata
811 2832 898 2908 sint

541 3017 575 3078 5.
603 2997 994 3078 Observationes
1020 3002 1273 3116 inbepate
1293 3027 1455 3079 ranae.

284 3177 371 3259 509·
503 3221 505 3226 .
540 3165 700 3269 Saepius
722 3169 910 3269 margines
929 3195 1045 3242 ranae
1065 3171 1214 3272 hepatis
1230 3169 1442 3274 pellucidae
1461 3168 1611 3266 iuveni,
1646 3167 1715 3241 sed
1734 3191 1810 3266 quo
1837 3168 1960 3242 minus
1980 3192 2071 3243 rasa

368 3318 407 3390 in
426 3335 555 3420 parte,
582 3320 652 3396 sub
675 3323 931 3425 micrascopia
957 3323 1201 3426 applicanda,
1228 3325 1356 3401 damni
1384 3321 1529 3426 aliquid
1546 3323 1623 3424 jam
1646 3321 1854 3423 ceperint),
1880 3321 2064 3422 impedire

366 3497 446 3579 uon
474 3475 594 3576 potui.

530 3628 733 3728 Sanguinis
749 3657 820 3734 per
842 3631 993 3710 canales
1017 3629 1290 3734 labyrinthicas
1314 3647 1439 3706 motus
1461 3629 1692 3705 acceleratus
1716 3644 1790 3720 est,
1818 3643 1857 3701 et
1884 3627 1925 3701 hi
1948 3625 2062 3729 plena

367 3780 616 3856 inferciuntur
642 3782 765 3879 unda,
791 3802 954 3860 attamen
974 3803 1097 3860 matus
1116 3783 1299 3886 tepiditas
1323 3783 1370 3856 ab
1397 3783 1472 3876 illa,
1500 3785 1657 3882 quaein
1683 3781 1766 3856 aliis
1790 3765 1946 3881 organis
1963 3777 2066 3855 crol-

365 3938 464 4010 ritur
488 3965 524 4014 v.
550 3961 584 4037 g.
613 3937 652 4010 in
673 3936 893 4013 membrana
909 3939 1118 4030 natatoria,
1134 3915 1388 4032 mesenterio,
1409 3935 1652 4040 pulmonibus
1677 3953 1747 4010 etc.
1780 3932 2065 4052 proculadhuc

366 4091 485 4167 abest.

277 4245 362 4312 3¹0·
528 4243 626 4320 Tum
649 4242 784 4320 ductus
806 4243 979 4322 bilileras
1010 4245 1200 4345 quaesiri,
1228 4199 1324 4343 quas
1352 4243 1443 4320 lieet
1465 4269 1609 4320 summa
1654 4197 1910 4345 indagaverim
1935 4265 2064 4346 opera,

366 4397 589 4501 conspicere
618 4424 811 4502 nunquam
836 4399 930 4473 mibi
968 4399 1137 4500 contigit.
1200 4401 1257 4472 Ex
1281 4395 1483 4474 affectione
1514 4415 1598 4473 orta
1629 4397 1798 4475 evacuati
1823 4413 1862 4472 et
1876 4385 1883 4401 ”
1899 4395 2061 4471 secretio

363 4577 463 4627 nova
484 4551 653 4628 cohibita
676 4533 761 4628 essa
783 4551 941 4629 ridetur.

274 4731 362 4798 311.
532 4711 657 4782 Motus
685 4706 919 4782 acceleratus
945 4731 1024 4779 nan
1050 4705 1165 4806 longe
1191 4705 1319 4800 alitur,
1346 4705 1415 4780 sed
1442 4705 1482 4780 in
1501 4703 1668 4805 singulis
1692 4690 1787 4779 locis
1820 4705 1928 4797 binc,
1956 4703 2062 4779 illine

360 4889 447 4938 mor
474 4861 686 4938 retardatur
730 4879 769 4936 et
789 4857 1028 4963 perturbatur
1035 4911 1049 4954 ,
1082 4859 1157 4953 ita,
1197 4876 1240 4935 ut
1261 4857 1414 4935 canales
1443 4857 1660 4962 capillacea,
1697 4859 1736 4932 in
1763 4857 1902 4960 quibus
1927 4856 2061 4934 turbae
