4848 6194
1166 625 1193 706 9

594 863 598 866 ·
722 813 1019 904 Stadium
1048 814 1117 906 11.
1143 810 1639 927 suppurationis,

261 1001 325 1069 38.
498 1005 647 1082 'I‘urhas
670 1011 884 1110 systematis
910 980 1119 1112 sanguinei,
1146 1037 1244 1112 qnae
1262 1011 1455 1088 avulnere
1482 1031 1605 1088 ortum
1620 1009 1813 1106 ducentes,
1842 1015 1881 1088 in
1903 1033 2029 1116 partes

332 1157 478 1260 ricinos
504 1153 789 1262 expanduntur,
817 1166 1003 1242 eontinet.
1030 1207 1081 1224 -
1106 1163 1317 1240 Turbamm
1340 1192 1432 1242 sero
1465 1165 1602 1266 gredm
1624 1187 1697 1266 pro
1721 1165 1916 1241 vulnerum
1942 1195 2032 1245 con·

332 1316 479 1395 ditione
503 1315 614 1392 valde
652 1315 798 1414 differt3
838 1317 956 1396 m'odo
995 1320 1098 1434 enim
1130 1317 1354 1412 levissimae,
1397 1317 1517 1396 modo
1542 1318 1785 1421 gravissimae
1809 1332 1934 1418 gaunt.
1996 1327 2029 1396 Α

329 1456 479 1546 dnobus
521 1471 762 1572 potissimum
802 1473 1005 1549 momentis
1057 1471 1280 1575 dependere
1319 1471 1519 1548 videntum·
1574 1471 1622 1573 a)
1663 1497 1687 1548 e
1724 1477 2027 1576 perenchymatis

326 1625 474 1700 fabrica
505 1623 610 1700 laesa
645 1666 697 1686 -
729 1623 771 1723 ὂ)
810 1623 864 1700 ab
907 1622 1110 1700 affectione
1142 1625 1311 1726 generali
1351 1626 1645 1704 concomitante.
1732 1625 1852 1702 Binan
1880 1629 2055 1730 quidem.

255 1855 259 1861 ,
329 1782 371 1854 in
396 1805 512 1855 eausa
537 1803 622 1854 esse
646 1773 783 1872 solent,
831 1796 997 1858 nttmen
1033 1779 1152 1856 modo
1187 1777 1273 1872 illa,
1306 1777 1426 1856 modo
1462 1780 1583 1877 haer,
1619 1807 1718 1883 quae
1761 1784 1928 1884 pessima
1968 1804 2036 1876 est,

327 1937 459 2040 potior
484 1903 623 2013 evadit.
648 1971 700 1992 -
728 1930 867 2007 'I'urbis
893 1935 999 2023 actis,
1025 1936 1120 2008 mira
1145 1933 1284 2010 evolvit
1319 1952 1455 2010 natura
1486 1935 1692 2010 sanctionis
1701 1941 1914 2027 conamina,
1933 1939 2031 2012 inter

329 2113 426 2190 quae
451 2102 576 2168 motos
619 2085 761 2160 eminet
792 2085 1091 2190 suppuratoriue.
1148 2086 1348 2165 Plaeantur
1380 2088 1545 2190 denique
1568 2087 1713 2184 turbae,
1740 2106 1779 2165 et
1804 2089 1910 2168 solae
1927 2093 2030 2168 eirea

325 2241 492 2317 miinoris
517 2239 725 2342 marginem
748 2256 894 2314 restant
917 2239 1255 2344 metamorphoses.
1284 2285 1337 2300 -·-

253 2435 314 2520 29.
481 2421 620 2492 'I'otum
644 2417 747 2492 hune
771 2442 994 2518 processum
1018 2417 1088 2494 sub
1114 2425 1398 2522 suppurationis
1439 2421 1562 2500 stadio
1604 2400 1821 2526 eomplexus
1846 2453 1939 2518 smn,
1974 2427 2024 2504 oh

321 2589 468 2648 motum
492 2573 801 2674 suppuratorium
826 2573 1011 2666 eximium,
1040 2573 1106 2673 qui
1132 2573 1172 2646 in
1192 2573 1258 2648 illo
1288 2575 1481 2652 exeolitur.
1532 2579 1592 2652 De
1633 2577 1756 2654 Stadii
1783 2583 2023 2681 suppuratio·

323 2727 383 2802 nie
405 2725 525 2804 tribus
551 2725 754 2800 momentis
780 2749 883 2799 nune
908 2725 1028 2801 fusius
1053 2725 1201 2827 loquar,
1227 2751 1394 2826 nempe:

488 2907 532 3002 a)
556 2919 750 2979 momento
777 2902 1016 2978 confusionis
1043 2956 1058 2994 ,

487 3058 529 3154 b)
553 3074 749 3131 momento
774 3072 897 3129 motus
922 3055 1212 3158 suppuratorii,

487 3213 523 3305 e)
546 3227 742 3286 momento
767 3215 920 3314 quietis.

1075 3449 1243 3466 m

701 3622 758 3736 a)
814 3623 1181 3711 Momentum
1225 3619 1639 3748 confusionis.

249 3853 310 3913 40,
484 3817 595 3892 Haud
619 3817 734 3918 longe
761 3836 852 3921 post
876 3817 1023 3912 turbas,
1060 3845 1158 3920 quae
1185 3845 1207 3893 a
1230 3817 1401 3896 laesione
1443 3835 1565 3894 ortum
1601 3809 1803 3909 duxerant,
1838 3819 2018 3920 placatas,

320 3971 417 4046 aliae
440 3997 462 4045 a
487 3971 652 4046 vulneris
677 3974 846 4074 margine
870 3972 1160 4076 proficiscuntur
1185 3997 1359 4046 rasorum
1383 3971 1718 4072 metamorphoses‚
1745 3995 1845 4070 quae
1877 3975 1917 4044 in
1950 3975 2020 4048 mi·
2118 3999 2122 4006 ’

319 4152 465 4220 norem,
492 4151 559 4200 seu
581 4125 765 4226 majorem
790 4125 1054 4228 expanduntur
1081 4123 1274 4199 ambitum.
1306 4167 1357 4180 --

249 4325 308 4388 41,
484 4305 713 4378 Levissimae
739 4321 827 4377 aunt
857 4330 1035 4380 vasorum
1068 4305 1394 4407 metamor-pheses
1441 4305 1481 4376 in
1506 4303 1724 4380 vulneribus
1756 4304 1922 4404 punctis,
1949 4328 2018 4378 seu

320 4460 473 4551 moisio,
501 4483 601 4558 quoe
620 4456 781 4532 'minima
805 4457 972 4559 gaudent
995 4459 1300 4562 perenchymatis
1326 4455 1541 4533 affectione.

241 4651 248 4658 ·
350 4713 356 4719 ,
484 4630 687 4731 Sanguinis
711 4629 815 4706 unda
838 4631 964 4735 pleno,
991 4632 1110 4708 turbis
1135 4631 1433 4708 haemorrhoene
1449 4630 1619 4733 placatis,
1646 4630 1686 4702 in
1704 4629 1855 4704 canales
1872 4629 2016 4704 raineri

317 4785 463 4860 vicinos
491 4782 626 4878 affluit,
649 4809 834 4886 perquer
861 4803 971 4860 aucta
987 4787 1174 4887 trajicitur
1197 4785 1407 4870 eeleritate.
1457 4787 1546 4857 Mor
1562 4807 1652 4859 vero
1674 4799 1796 4858 motus
1815 4783 1853 4856 in
1872 4780 2016 4880 aliquot

319 4937 420 5010 rasis
446 4935 698 5037 captoribus,
725 4937 872 5014 vulneri
893 4939 1087 5041 proximis,
1112 4939 1372 5042 perunbatur,
1400 4963 1562 5040 quorum
1585 4933 1739 5046 tandem
1762 4959 1852 5038 pars
1877 4957 1900 5005 a
1925 4933 2016 5004 staai

1082 5110 1108 5173 2
