4836 6188
1170 607 1216 670 'li

384 791 441 882 ¹153
466 789 565 863 intra
584 787 743 890 laminas
758 815 847 866 roro
860 788 1077 864 mesenterii
1093 787 1267 888 globulos
1279 787 1419 866 effusos
1441 815 1536 886 esse,
1561 819 1640 868 non
1655 793 1800 890 inreni3
1828 796 1896 872 sed
1908 821 1975 874 eos
1991 822 2037 872 ex
2109 772 2111 782 Ι

388 969 425 1017 se
454 943 639 1044 quodam,
675 941 774 1044 forte
796 942 920 1037 laeso,
956 943 996 1017 in
1024 944 1260 1047 superficiem
1283 942 1525 1024 membranae
1550 943 1732 1064 collectos
1757 949 1854 1042 ridi,
1893 927 2038 1050 inqua

374 1096 545 1171 eundum
563 1096 666 1198 leges
682 1095 859 1198 physicas
879 1097 928 1172 ad
948 1114 1090 1202 puncta
1112 1099 1326 1192 eminentia,
1353 1094 1472 1198 (quae
1495 1115 1582 1188 sumt
1601 1069 1697 1176 ‘rata
1716 1100 1880 1204 majora)
1898 1102 2038 1178 adbae-
2064 1153 2071 1208 3

375 1251 492 1342 bant,
527 1267 565 1324 et
586 1250 742 1325 minimo
767 1269 869 1329 motu
892 1253 932 1326 in
957 1251 1214 1330 oscillationes
1235 1253 1398 1330 incertas
1423 1251 1619 1349 abientes,
1646 1253 1952 1331 observatoribus
1977 1253 2036 1330 fa·
2113 1251 2114 1256 ’

367 1405 413 1478 ile
441 1403 698 1506 imponebant.

499 1614 536 1681 2.
565 1597 952 1674 Observationes
980 1597 1030 1672 in
1058 1597 1378 1702 pulmonibus
1400 1599 1642 1676 tritonum
1672 1614 1974 1676 strenarum.

503 1794 704 1870 Pulmones
721 1795 920 1886 tritonum,
954 1795 1020 1894 qui
1033 1792 1106 1868 illis
1119 1819 1293 1867 ranarum
1305 1795 1423 1872 multo
1441 1795 1684 1900 praeferendi
1700 1813 1806 1888 sunt,
1833 1821 1855 1870 e
1881 1787 2038 1870 tboraee

342 1947 523 2050 protracti
548 1966 586 2023 et
611 1951 690 2023 atri
716 1929 896 2052 expositi,
926 1947 1066 2020 similes
1097 1969 1185 2020 mox
1209 1950 1439 2024 contrahunt
1465 1924 1829 2050 affectiones,⁷'quas
1852 1965 2041 2022 metente·

333 2105 429 2178 rium
450 2127 607 2206 passum
632 2120 690 2177 est
698 2130 712 2199 3
747 2119 786 2177 et
805 2085 1067 2182 tantummodo
1100 2099 1296 2198 differunt,
1331 2119 1513 2204 quanturm
1544 2129 1617 2206 pro
1639 2101 1808 2177 fabricae
1828 2093 2040 2178 individua·

340 2255 448 2333 litate
479 2281 637 2330 necesse
671 2273 739 2332 est.

308 2475 333 2533 3.
500 2449 702 2526 Pulmones
725 2449 798 2527 reti
822 2451 993 2554 capillari
1009 2428 1284 2527 'extensissimo
1312 2468 1400 2526 sunt
1422 2431 1624 2544 instincti,¹
1647 2475 1717 2552 per
1752 2449 1858 2550 quod
1885 2453 2040 2554 sanguis

336 2632 407 2708 pro
434 2607 655 2682 extensione
675 2607 792 2679 nimia
816 2607 1013 2682 celerrime
1044 2606 1245 2708 trajicitur.
1297 2607 1432 2697 Motus,
1458 2603 1604 2706 majore
1630 2605 1810 2680 affluente
1844 2605 2040 2706 sanguinis

339 2757 458 2852 unda,
485 2757 538 2832 ita
562 2776 734 2858 augetur,
759 2777 803 2833 ut
831 2755 975 2858 globuli
995 2757 1131 2832 mirum
1150 2758 1190 2831 in
1213 2757 1368 2833 modum
1388 2784 1459 2859 per
1485 2785 1617 2833 omnes
1638 2759 1820 2861 depluunt
1839 2759 1932 2832 retis
1966 2784 2044 2832 am·

339 2910 468 3011 bages.
519 2913 603 2987 Nee
621 2930 746 2986 motus
764 2911 941 2986 lentescit
947 2937 963 3007 3
999 2928 1242 2985 astrasorum
1257 2910 1436 3011 parietes,
1461 2913 1676 2986 tensionem
1697 2911 1886 2986 modicam
1903 2910 2045 2986 sensim

337 3063 559 3166 perdentes,
587 3061 802 3138 dilatantur.
852 3064 974 3140 Unda'
989 3064 1142 3167 parcior
1163 3063 1215 3139 lit.
1332 3107 1340 3122 ·

256 3294 336 3359 304,
503 3262 612 3334 buno
636 3259 674 3332 in
699 3260 856 3360 singulis
887 3259 983 3334 loeis
1012 3227 1212 3336 ulteriores
1244 3258 1376 3334 turbae
1406 3274 1620 3357 emergunt,
1657 3284 1755 3360 quae
1778 3284 1859 3334 non
1890 3257 2034 3362 ubique

337 3413 510 3488 locorum
534 3413 645 3488 simul
669 3414 906 3504 evolvuntur,
940 3412 1011 3487 sed
1029 3439 1050 3486 e
1069 3413 1225 3512 singulis
1243 3410 1438 3512 profectae
1459 3411 1574 3502 loeis,
1603 3436 1647 3484 er
1669 3411 1728 3486 bis
1749 3413 1890 3488 sensim
1913 3377 2063 3487 men..

338 3565 488 3643 duntur.
539 3570 585 3641 In
614 3566 674 3641 his
701 3565 798 3642 loeis
828 3565 1024 3666 sanguinis
1056 3563 1285 3656 distributio,
1317 3563 1391 3638 bue
1419 3588 1542 3666 usque
1573 3563 1754 3665 aequalis,
1784 3564 2044 3668 perturbatura

339 3723 441 3798 hane
466 3737 591 3796 motus
615 3721 733 3824 ipsius
755 3718 1008 3820 inaequalitas
1035 3715 1215 3834 sequitur,
1243 3715 1402 3817 qualit,
1427 3735 1470 3792 ut
1489 3719 1649 3820 sparsim
1667 3736 1787 3794 stases
1811 3717 2049 3818 contingant,

345 3831 410 3949 alii
432 3847 522 3950 vero
555 3873 706 3950 canales
732 3900 756 3948 a
786 3873 970 3974 sanguine
997 3887 1244 3964 eraouentur,
1309 3871 1377 3972 qui
1408 3872 1527 3948 altera
1553 3875 1637 3952 rice
1666 3873 1800 3947 iterum
1832 3870 2047 3974 implentur.

342 4031 424 4106 Nee
445 4055 525 4107 non
547 4045 669 4105 states
685 4025 869 4102 formatae
889 4029 1152 4128 saepissimae
1180 4025 1366 4126 sanguine
1385 4027 1570 4102 redeunte
1597 3989 1745 4102 iterum¹
1761 4023 2012 4128 abripiuntur.

247 4225 338 4298 305·
508 4209 629 4280 Morte
651 4203 805 4280 tandem
819 4206 1060 4301 imminente,
1083 4223 1207 4282 motus
1227 4206 1480 4306 irregularitas
1499 4207 1660 4280 maxime
1676 4221 1851 4306 augetur,
1878 4221 1918 4278 et
1939 4201 2046 4278 unde

344 4362 497 4462 exigua,
530 4356 701 4462 pulsibus
724 4359 943 4464 interruptis
959 4358 1147 4451 adducta,
1189 4359 1273 4434 aine
1290 4360 1374 4460 lege
1394 4385 1465 4462 per
1482 4359 1632 4436 canales
1647 4358 1853 4462 trajicitur,
1880 4371 1920 4432 et
1935 4356 2047 4450 bine,

345 4511 452 4588 illine
469 4529 589 4588 stases
603 4511 794 4613 dispersas
809 4511 1003 4614 relinquit.
1055 4515 1179 4588 Motus
1191 4539 1303 4606 vero,
1329 4512 1507 4613 quamdiu
1520 4529 1687 4618 perstat,
1711 4479 1866 4615 rapidus
1878 4527 2019 4586 manet.

249 4715 340 4799 300,
513 4671 679 4770 dnimali
701 4711 871 4787 mortuo,
903 4691 1008 4767 unda
1035 4691 1166 4792 exigua
1182 4693 1334 4794 penitus
1356 4692 1606 4793 extinguitur,
1642 4709 1682 4768 et
1702 4692 1855 4793 sanguis
1876 4692 1918 4764 in
1942 4689 2043 4766 rasis

309 4847 551 4952 majoribus
585 4808 801 4951 colligitur,
850 4847 891 4922 iu
922 4843 1059 4948 quibus
1102 4844 1360 4922 oscillationes
1385 4845 1577 4928 lentiores
1610 4871 1681 4950 per
1714 4845 1869 4948 longum
1898 4861 2046 4946 tempus
