4800 6194
1148 625 1196 692 2¹!

325 813 472 888 tissima
497 828 568 904 est,
595 827 634 886 et
659 827 737 930 tam
764 812 844 886 cito
882 809 1084 914 perficitur,
1120 825 1163 884 ut
1194 805 1301 886 brevi
1327 829 1499 916 tempore
1539 837 1716 912 magnum
1732 838 1916 897 ,norornm
1943 832 2025 888 rete

327 991 503 1042 rasorum
531 963 719 1040 excultum
739 964 802 1042 sit.
916 979 921 989 '

238 1179 324 1246 123·
489 1173 635 1246 Pariter
661 1169 775 1248 etiam
800 1173 842 1246 in
866 1171 1095 1266 rnloeribus,
1129 1197 1227 1274 quse
1252 1172 1331 1246 lato
1375 1169 1606 1271 gandebant·
1627 1189 1746 1248 strato
1794 1173 1945 1246 interno
1986 1187 2028 1244 ot

324 1325 483 1402 intensis
502 1325 739 1404 confusionis
757 1327 889 1422 turbis,
915 1352 1089 1404 vasorum
1106 1325 1283 1400 formatio
1300 1343 1441 1426 atergo
1457 1327 1636 1400 instrato
1663 1341 1817 1400 externo
1841 1325 2024 1424 frequens

189 1467 193 1476 ¹
320 1500 391 1558 est.
426 1483 509 1556 Nec
540 1507 621 1558 non
646 1481 830 1556 instrato
857 1481 1009 1557 interno
1034 1469 1230 1558 inunum
1260 1479 1472 1580 graviorum
1496 1478 1609 1551 rivuli
1648 1479 1925 1600 multomagis
1960 1505 2021 1554 ex·

253 1665 258 1678 ·
322 1635 398 1712 coli
423 1635 561 1729 solent,
586 1661 699 1736 mum
724 1636 765 1708 in
789 1633 1009 1726 levioribus,
1032 1635 1076 1707 in
1101 1633 1238 1734 quibus
1263 1657 1363 1726 rasa,
1389 1633 1467 1707 cito
1506 1655 1638 1708 versus
1674 1635 1882 1735 marginem
1914 1634 2022 1708 strati

321 1789 461 1866 interni
485 1791 761 1896 proserpmtia,
786 1788 929 1866 rivulos
955 1788 1199 1892 imperfectos
1220 1789 1299 1890 jem
1324 1785 1530 1889 abripiunt.
1556 1826 1608 1846 -·

711 2100 798 2186 De
836 2093 1180 2218 sanguinis
1204 2090 1613 2218 formatione.

230 2355 314 2419 ¹24.
457 2301 664 2416 fluidum,
692 2320 798 2424 quod
821 2321 863 2394 in
887 2320 1019 2396 rirulis
1044 2338 1083 2395 et
1105 2318 1319 2394 interstitiis
1346 2317 1540 2409 formetur,
1566 2315 1720 2417 songms
1747 2337 1816 2395 est.

479 2503 716 2596 Floccornm,
742 2500 809 2600 qui
834 2499 965 2576 colore
985 2500 1103 2574 rubro
1130 2500 1234 2575 varie
1258 2500 1392 2591 tincto,
1419 2495 1489 2572 scd
1524 2521 1674 2601 semper
1698 2497 1800 2572 laeto
1837 2499 2014 2600 gaudent,

314 2675 439 2732 motus
457 2657 582 2762 primo
607 2655 898 2732 obsemissimus
938 2671 1008 2732 est.
1058 2651 1189 2729 Flocei
1224 2679 1273 2726 eo
1313 2651 1476 2754 majores
1522 2675 1607 2726 esse
1644 2651 1783 2746 solent,
1814 2680 1891 2756 quo
1928 2673 2016 2736 sunt

316 2829 435 2886 strato
470 2827 627 2886 externo
659 2809 882 2910 propiores,
926 2825 966 2882 et
997 2831 1075 2908 quo
1114 2804 1234 2881 levior
1278 2829 1506 2910 praegresso
1551 2822 1609 2879 est
1649 2805 1840 2885 confusio.
1920 2813 2016 2884 'l'nm

313 2965 354 3037 in
380 2961 623 3037 interstitium
650 2959 814 3052 collecti,
840 2985 992 3035 omnem
1013 2957 1155 3034 eoloris
1195 2976 1236 3033 et
1255 2958 1402 3032 formae
1436 2973 1576 3032 eruum
1613 2955 1933 3058 inaequalitatem,
1977 2983 2017 3040 et

312 3134 439 3190 motus
462 3115 645 3190 excolitur
670 3111 882 3204 intestinus,
910 3110 977 3212 qui
1002 3138 1026 3184 a
1052 3109 1301 3216 corpusculis,
1337 3111 1443 3204 hinc,
1483 3107 1590 3185 illinc
1633 3109 1744 3186 simul
1782 3139 1868 3189 cum
1905 3137 2013 3193 motu

311 3267 590 3370 emergentibus
616 3286 655 3343 ct
679 3267 862 3378 evanidis,
886 3263 1090 3369 perficitur.
1141 3265 1348 3340 interstitia
1380 3263 1523 3340 ambitu
1573 3263 1740 3364 gaudent
1776 3269 2013 3350 snbrotundo

311 3442 370 3498 sat
387 3440 516 3518 certo,
542 3423 612 3498 sed
637 3449 661 3496 a
684 3439 790 3498 motu
814 3422 1054 3498 increscente
1079 3405 1167 3494 mor
1204 3419 1438 3518 elongantur,
1465 3435 1504 3491 et
1529 3419 1570 3490 in
1595 3420 1736 3498 rivulos
1770 3428 1912 3502 sensim
1951 3455 2012 3524 er·

310 3577 528 3653 tenduntur.
580 3579 691 3650 Tune
732 3599 756 3648 a
786 3591 893 3650 motu
907 3571 1087 3648 liberiore
1112 3570 1269 3674 penula
1295 3571 1569 3673 ecorpusculis
1582 3574 1686 3672 ragis
1699 3595 1885 3672 creantur,
1913 3608 2010 3682 quse

307 3756 399 3804 vcro
440 3729 672 3830 marginibus
712 3729 827 3805 certis
870 3727 1040 3804 nondum
1076 3742 1165 3803 sunt
1204 3741 1351 3802 ornata.
1411 3723 1491 3800 seo
1535 3726 1725 3825 margines
1773 3755 1859 3804 cnm
1900 3754 2005 3810 motu

310 3883 544 3959 oscillatorio
567 3881 767 3960 liberiores
792 3881 897 3976 finnt,
924 3899 963 3957 et
989 3881 1155 3983 granula,
1184 3878 1521 3954 individualitatem
1548 3880 1737 3978 quandam
1763 3887 1915 3962 tandem
1942 3917 2007 3968 ne·

308 4039 515 4139 quirentia,
568 4028 788 4141 sphaerulas
820 4035 999 4112 exhibent
1032 4061 1167 4138 parvas
1173 4090 1185 4127 ,
1213 4033 1358 4108 nucleis
1385 4031 1623 4134 globulorum
1658 4033 1864 4116 efformatis
1901 4045 2007 4121 haud

308 4191 521 4282 dissimiles,
548 4217 704 4292 quartem
729 4195 847 4282 color,
874 4190 963 4264 dum
985 4189 1216 4282 evolvuntur,
1231 4186 1389 4274 sobrius
1413 4187 1582 4288 tingittrr.

222 4412 303 4474 ¹25.
448 4401 633 4474 .Tantom
658 4395 778 4492 obest,
803 4415 846 4474 nt
879 4399 920 4472 iu
962 4397 1129 4498 granulis
1165 4395 1322 4472 nucleos
1359 4393 1635 4471 observaverim
1675 4399 1864 4500 proprios,
1908 4427 2005 4501 qnos

175 4573 183 4580 ·
301 4551 518 4628 Prerostius
544 4569 583 4628 et
598 4553 799 4628 Domesius
825 4550 1046 4652 depingunt,
1070 4568 1113 4626 ut
1137 4551 1201 4628 ille
1226 4551 1353 4657 potius
1378 4549 1548 4642 nucleos,
1571 4550 1637 4650 qui
1662 4547 1899 4650 globulorum
1917 4573 2005 4630 sant

306 4707 554 4802 substratum,
583 4709 688 4812 ipsos
715 4731 800 4784 esse
824 4706 990 4783 credam.
