4848 6194
1161 601 1209 672 4⁵

356 796 440 898 gnis
464 793 573 871 valde
598 792 733 888 ruhat,
761 807 800 868 et
822 797 1079 900 parenehyma
1104 793 1289 880 intensius
1322 809 1384 872 est
1406 791 1574 872 tinctum.
1613 795 1941 903 Metamorphoses
1965 825 2056 878 rere

356 953 399 1024 in
422 949 603 1028 ambitum
628 965 687 1024 sat
712 947 1037 1056 circumscriptum
1061 967 1149 1043 sunt
1171 949 1380 1028 restrictae.

265 1145 348 1212 tt‘c.
515 1129 671 1231 FrIgore
696 1107 1001 1227 vehementiore,
1028 1130 1132 1234 quod
1158 1131 1295 1232 gla'ciei
1319 1157 1395 1236 ope
1419 1129 1622 1236 applicari,
1648 1151 1785 1226 motus,
1814 1133 1976 1236 primum
1999 1135 2052 1210 ci·

349 1301 469 1377 tatus,
492 1307 580 1361 mox
604 1285 835 1381 retardatur,
864 1303 902 1360 et
925 1286 1091 1389 parietes
1118 1287 1218 1360 tensi
1244 1286 1458 1364 dilatantur.
1511 1276 1673 1388 Sanguis
1696 1288 1837 1364 rubore
1860 1313 2051 1392 purpureo

352 1437 529 1538 tingitur,
553 1436 698 1544 globuli
722 1439 764 1512 in
788 1463 946 1542 magnos
973 1449 1113 1514 coeunt
1138 1465 1300 1542 grumos,
1317 1457 1356 1514 et
1378 1440 1635 1544 perenchyma
1652 1457 1780 1516 tumet.
1807 1443 1936 1518 Stasea
1958 1469 2051 1518 con·

352 1591 514 1692 tingunt,
539 1592 580 1664 in
603 1592 715 1669 initio
741 1592 1047 1696 circumscriptae
1066 1607 1104 1667 et
1120 1609 1179 1668 sat
1204 1595 1463 1689 cohaerentes,
1489 1595 1637 1672 intense
1662 1592 1798 1673 rubrae
1821 1580 1889 1670 seu
1915 1621 2048 1670 coeru-

351 1743 553 1822 lescentes.
603 1746 759 1846 Frigore
782 1771 874 1824 rero
899 1747 1139 1841 continuato,
1165 1747 1468 1850 perenchyrnatis
1501 1745 1648 1823 fabrica
1671 1728 1856 1823 intensius
1891 1746 2050 1822 offendi·

345 1915 428 1990 tur,
453 1913 544 1973 tunc
570 1915 695 1973 stases
719 1898 998 1995 dissolvuntur,
1026 1900 1338 2004 spurcioremque
1366 1917 1405 1976 et
1436 1898 1755 1976 hrunnesoentenr
1788 1901 1949 1978 induunt
1983 1913 2049 1992 roa}

348 2051 480 2130 iorem.
530 2055 856 2156 Metamorphoses
883 2079 928 2131 ex
951 2055 1040 2131 loco
1067 2043 1274 2131 tacto'non
1299 2070 1403 2130 rasta
1431 2051 1614 2154 divulgari
1640 2055 1773 2131 solent

933 2389 1466 2534 Saleuhnara

255 2613 336 2742 rae}
507 2647 683 2750 saturata
707 2643 878 2720 muriatis
901 2643 1021 2755 rodae
1056 2639 1195 2720 solutio
1221 2667 1307 2723 cum
1337 2638 1519 2744 penicillo
1551 2640 1793 2718 membranae
1827 2645 2040 2723 natatoriae

331 2823 449 2884 ranae
475 2799 687 2876 adhibetur.

505 2977 711 3081 Sanguinis
735 2994 860 3054 motus
885 2976 926 3051 in
949 2976 1040 3053 loco
1065 2993 1170 3054 tacto
1195 2976 1319 3080 primo
1345 2973 1600 3066 acceleratur,
1628 2991 1666 3048 et
1690 2975 1794 3051 unda
1819 2976 1939 3054 affluit
1963 2981 2039 3057 lar·

334 3137 439 3239 gior,
466 3157 542 3234 qua
567 3131 720 3208 mnata
746 3130 1007 3206 extenduntur.
1061 3129 1230 3240 Parietes
1255 3127 1405 3202 modice
1430 3125 1646 3220 tenduntur,
1674 3145 1720 3202 et·
1737 3133 1888 3230 sanguis
1914 3134 2037 3214 rubet.

332 3291 422 3363 Mox
447 3308 538 3362 rero
561 3285 603 3359 in
626 3300 710 3360 toto
737 3283 903 3377 ambitu,
931 3309 1044 3385 quem
1069 3285 1126 3358 sal
1149 3285 1291 3386 tetigit,
1325 3269 1449 3361 motus
1480 3281 1726 3386 retardatur,
1765 3301 1857 3362 tunc
1889 3257 2037 3390 pertur-

332 3439 471 3532 batur„
486 3462 653 3538 rasaque
678 3435 881 3512 dilatantur
887 3463 901 3534 3
924 3454 964 3511 et
988 3434 1140 3511 tandem
1163 3437 1263 3510 inter
1286 3462 1376 3510 rasa
1400 3439 1556 3511 minima
1583 3454 1703 3512 sauses
1729 3438 1910 3533 oriuntur,
1937 3465 2033 3540 quae

331 3595 410 3670 eito
435 3591 646 3692 admajora
660 3573 930 3692 propagantur.
956 3588 1085 3666 Stasea
1100 3587 1418 3691 circumscriptae,
1444 3587 1690 3667 cohaerentes
1715 3607 1755 3664 et
1768 3590 1906 3670 rubrae
1929 3613 2029 3672 sunt.

246 3806 328 3890 139,
495 3767 659 3892 affectio
684 3766 783 3844 ultra
806 3767 935 3847 locum
961 3784 1104 3844 tactum
1139 3795 1272 3874 parum
1307 3768 1542 3871 divulgatur,
1579 3795 1657 3869 quo
1688 3767 1752 3865 fir,
1786 3786 1829 3846 ut
1864 3771 2028 3875 globuli,
2137 3848 2142 3856 ,

327 3921 395 4030 q'ui
420 3950 466 4002 ex
489 3923 609 4028 partie
634 3917 794 3999 affectae
817 3923 988 4025 margine
1014 3923 1186 4019 collecti,
1211 3924 1253 3998 in
1275 3923 1442 4025 majores
1466 3939 1663 3998 transeunt
1687 3948 1813 4018 renas,
1835 3951 1921 4002 cum
1945 3927 2026 4030 glo·

324 4081 443 4168 bulis,
472 4079 538 4179 qui
564 4102 610 4152 ex
635 4075 739 4158 sanis
764 4075 972 4155 adveniunt
989 4076 1172 4180 partibus,
1197 4077 1437 4154 misceantur.
1465 4075 1619 4152 Globuli
1644 4077 1849 4180 grumulosi
1860 4133 1873 4172 ,
1898 4079 2022 4174 nitri,

325 4232 626 4335 agglutinantes.
653 4253 739 4332 cnm
762 4230 867 4308 tanis
890 4231 1013 4327 mixti,
1053 4232 1164 4310 striae
1197 4230 1296 4310 inter
1319 4231 1392 4308 hos
1427 4229 1629 4340 exhibent,
1662 4232 1750 4310 dum
1782 4258 1902 4336 neque
1936 4229 2045 4312 sen·'

324 4390 397 4466 sim
421 4385 669 4490 corriguntur.
719 4417 723 4424 ⁴

491 4542 687 4650 Gutieulae
712 4535 869 4650 atratum
892 4573 1075 4648 summum
1100 4595 1124 4646 a
1149 4565 1238 4648 salis
1264 4570 1414 4648 actione
1439 4567 1634 4684 opelesrit.
