4838 6192
1124 635 1130 646 .
1213 580 1283 646 tta

388 775 583 848 ticularum
608 775 816 849 vicissitudo
837 773 1027 871 quasdam.
1078 771 1204 844 Flacci
1228 773 1329 866 plus,
1385 773 1507 845 minus
1534 773 1666 868 pallide
1692 782 1728 844 et
1754 723 1934 848 sublit-ide
1959 741 2088 864 rubri,⁸

383 929 467 1026 plus
496 933 616 1004 minus
640 932 753 1026 parvi,
804 929 978 1014 conferti,
1014 934 1050 1000 et
1074 949 1158 998 cum
1182 903 1460 1024 parenchymate
1483 925 1705 1000 confluentes
1731 935 1827 1001 sunt

94 1165 97 1182 .
205 1097 283 1200 Fig·
316 1114 378 1182 54·
543 1095 667 1188 Flacci
690 1114 729 1184 in
754 1117 1017 1210 suppuratione
1041 1111 1157 1183 malae
1182 1110 1315 1186 indolis
1329 1109 1450 1194 lividi,
1472 1108 1632 1193 minimi,
1651 1082 1907 1182 confertissimi
1918 1118 2026 1206 atque
2040 1115 2081 1184 in
2163 1077 2234 1098 x*

364 1269 657 1369 ¹parencbymate
672 1267 750 1340 fere
767 1264 971 1340 diffluentes
988 1275 1082 1342 sunt.
1099 1266 1221 1338 Flacci
1232 1267 1429 1360 particulae
1444 1263 1686 1336 vicissitudine
1698 1265 1898 1343 miserrima
1911 1267 2079 1378 gaudent.
2163 1301 2170 1310 ¹

202 1443 279 1542 1²³8·
320 1457 383 1524 ³5·
548 1469 689 1554 Flacci,
722 1473 801 1543 sine
824 1470 906 1568 lega
931 1470 1146 1582 migrantes,
1176 1467 1223 1554 in
1248 1469 1479 1552 interstitium
1508 1466 1662 1562 (lenique
1686 1467 1918 1564 colliguntur.
1969 1467 2081 1541 Inter·

378 1625 475 1696 stitia
493 1623 636 1717 pallida,
646 1633 891 1722 parvasatque
908 1621 1066 1696 conferta
1078 1630 1220 1704 suntet
1236 1619 1460 1718 marginibus
1477 1621 1575 1692 baud
1604 1623 1884 1715 circumscriptis
1901 1624 2078 1720 gaudent,
2110 1671 2113 1676 -

308 1849 312 1856 ,
377 1786 421 1876 ut
447 1783 589 1872 saepius
614 1782 710 1850 inter
736 1797 775 1848 sc
801 1773 998 1850 confluant.
1027 1776 1249 1870 corpuscula
1273 1741 1380 1872 vaga,
1408 1797 1501 1870 quae
1526 1776 1562 1848 in
1583 1755 1781 1849 interstitiis
1806 1781 1939 1850 sensim
1965 1801 2099 1850 emen*

376 1940 487 2028 gunt,
513 1933 629 2004 motui
654 1934 809 2016 incerto,
836 1952 946 2026 quem
972 1929 1184 2012 absolvunt,
1210 1933 1360 2022 analoga
1386 1939 1485 2004 sunt
1562 1915 1567 1924 ’
1705 1919 1708 1926 ’

199 2079 278 2178 1³55·
313 2079 374 2162 5⁶·
541 2113 801 2196 interstitiain
827 2111 960 2184 rivulos
987 2111 1217 2206 elongantur,
1244 2113 1306 2205 qui
1333 2109 1426 2182 inter
1451 2134 1491 2185 sa
1516 2112 1778 2198 inosculantes.
1804 2122 1881 2188 rete
1897 2061 2077 2212 'snppbrass
2116 2087 2139 2118 χ

375 2270 513 2374 lorium
537 2273 678 2371 parant.
732 2265 946 2336 Rivulorum
972 2267 1153 2361 margines
1177 2261 1273 2334 baud
1299 2269 1390 2336 certi
1415 2272 1520 2350 sunt,
1547 2274 1582 2337 et
1609 2271 1754 2361 saepius
1779 2263 1841 2354 fit,
1868 2278 1909 2342 ut
1923 2273 2020 2344 inter
2036 2292 2076 2344 se

306 2487 310 2494 .
375 2417 569 2490 confluant.
622 2387 867 2490 Grunulnrum
893 2426 1014 2490 motus
1040 2383 1259 2512 oscillatorio
1277 2391 1443 2504 'accedit3
1476 2427 1633 2490 attamen
1659 2424 1697 2491 in
1716 2407 1830 2520 ''variis
1856 2427 1942 2496 retis
1967 2425 2077 2518 parti·

231 2647 233 2655 ,
375 2569 466 2654 bus,
493 2571 577 2642 hinc
602 2573 702 2643 illinc
728 2593 897 2668 vergens,
922 2573 1126 2666 promiscue
1153 2571 1457 2644 circumvolvitur.
1508 2572 1786 2646 lutarstitiorum
1812 2585 1848 2648 et
1872 2577 2075 2650 rivulorum

374 2727 533 2802 evolutio
552 2729 600 2798 ,in
625 2726 750 2799 eodem
776 2727 843 2796 reti
869 2726 1068 2822 inaequalis
1095 2732 1158 2796 cst.
1227 2713 1233 2718 ’

948 2943 1216 3042 Sanguinis
1260 2939 1508 3018 formatio.

172 3133 291 3233 'Rigas
309 3149 371 3214 ῃ,
536 3075 678 3209 b'locci,
703 3128 768 3219 qui
793 3127 925 3217 partim
953 3145 997 3195 ex
1021 3124 1150 3194 insulis
1176 3124 1362 3234 sanguinis
1391 3123 1541 3207 vicinis,
1574 3126 1708 3218 partim
1734 3147 1755 3196 e
1779 3123 1921 3212 floccis,
1957 3134 2021 3227 qni
2047 3153 2070 3204 a

284 3347 287 3354 .
371 3275 495 3348 stadiis
510 3275 703 3372 ⁴prioribus
728 3275 863 3346 resilui
879 3267 974 3359 sunt,
997 3223 1130 3370 partim
1153 3297 1175 3346 e
1198 3275 1572 3372 parencbymatcipso
1598 3285 1719 3352 ortum
1745 3280 1903 3367 ducunt,
1929 3289 2071 3386 sangui·

370 3431 429 3500 nis
450 3431 636 3500 ‚nascentis
657 3429 862 3500 rudimenta
888 3442 985 3502 sunt.
1035 3427 1156 3536 Flacci
1181 3429 1286 3523 plus,
1331 3417 1451 3500 minus
1482 3429 1623 3503 intensa
1647 3431 1712 3506 sed
1734 3434 1827 3508 laete
1852 3435 1978 3525 rubri,
2012 3445 2069 3512 sat

370 3583 509 3678 magni,
538 3603 613 3654 non
640 3581 814 3667 conferti,
838 3603 908 3654 nec
931 3603 1016 3654 cum
1039 3581 1319 3677 parencbymate
1343 3579 1568 3657 confluentes
1593 3593 1689 3658 sunt.

131 3797 138 3817 “
190 3767 266 3866 Fig·
310 3781 395 3904 88·ν
537 3787 659 3859 Flacci
685 3787 721 3858 in
747 3785 979 3860 interstitium
1006 3767 1237 3882 colliguntur.
1282 3765 1523 3860 interstitium
1560 3789 1847 3884 submonitum,
1888 3799 1945 3867 sat
1964 3813 2070 3892 ansg-

367 3959 458 4010 num
491 3947 600 4034 atque
625 3901 770 4012 solitarc
794 3946 867 4026 est,
894 3946 932 4011 et
954 3937 1178 4036 marginibus
1204 3945 1260 4010 sat
1283 3923 1568 4039 circumscriptis
1594 3945 1738 4042 gaudet.
1797 4007 1798 4010 ,

193 4153 273 4251 Fig.
307 4167 368 4250 59.
536 4143 774 4241 interstitium
799 4149 930 4218 sensim
952 4148 991 4218 in
1017 4146 1174 4218 rivulum
1198 4146 1399 4245 elongatur.

191 4368 258 4468 gig
308 4379 370 4444 40,
534 4349 687 4423 Rivnlus
720 4350 900 4425 formatus
942 4334 1100 4426 solitaris
1125 4347 1194 4436 est,
1220 4349 1405 4428 cornubus
1437 4355 1588 4453 gaudet,
1626 4379 1718 4455 quas
1750 4309 1875 4430 vebsus
1906 4365 2064 4435 stratum

371 4500 529 4576 vulneris
555 4505 740 4584 internum
763 4505 962 4587 inclinant,
987 4513 1023 4576 et
1039 4505 1266 4600 marginibus
1291 4513 1347 4580 sat
1361 4508 1635 4606 circumscriptis
1658 4487 1858 4584 instructus
1884 4521 1950 4593 est.¹
1975 4515 2059 4590 Mo·

367 4663 430 4730 tus
452 4658 687 4755 granulmum
710 4657 749 4730 in
773 4659 890 4731 rivulo
916 4680 1014 4730 mers
1039 4657 1280 4732 cacillatorius
1309 4667 1375 4733 est.
1400 4661 1636 4738 interstitium
1662 4664 1726 4765 (b)
1752 4687 1889 4742 novum
1902 4677 2064 4764 paratur.

191 4849 269 4952 ttg.
305 4859 370 4928 41·
443 4940 449 4954 α
534 4859 688 4932 Flaccus
714 4863 837 4956 puris,
864 4877 946 4930 curn
973 4811 1608 4956 particulis‚r1uasiltiadhaerent.
