4838 6192
1121 605 1190 668 113

312 791 445 874 solent.
481 801 537 862 ast
560 795 766 886 praevalent
798 797 950 865 arteriae
976 802 1098 866 motus
1124 791 1326 887 rapiditate.
1377 791 1504 864 Genus
1529 810 1699 864 vasorum
1720 793 1876 864 alterum
1900 814 2012 866 mem·

310 941 447 1014 branae
473 949 587 1038 ipsius
613 955 691 1030 est5
723 971 805 1018 vasa
831 948 942 1029 haee,
979 971 1074 1042 quae
1097 953 1192 1018 inter
1217 945 1400 1040 capillaria
1425 953 1512 1016 sunt
1534 943 1741 1030 referenda,
1767 967 1876 1039 parca
1903 952 2012 1028 sunt,

166 1089 171 1094 ’
312 1103 349 1168 et
387 1100 530 1168 tramite
561 1097 671 1192 longo
714 1104 930 1194 saepiusque
967 1105 1152 1182 tortuoso,
1185 1121 1315 1193 parum
1341 1096 1435 1170 inter
1460 1123 1500 1172 ae
1523 1101 1784 1183 inosculantes,
1810 1122 1877 1193 per
1901 1121 2011 1169 mem·

310 1245 461 1320 branam
496 1243 811 1344 pellucidil'simarir
841 1261 1073 1348 proserpunt.
1124 1253 1196 1324 Sed
1221 1275 1336 1348 quum
1362 1275 1491 1348 magna
1516 1275 1610 1346 opus
1636 1263 1691 1326 est
1715 1257 1771 1337 vi,
1803 1261 1847 1324 nt
1868 1261 2014 1336 'nresew¹

310 1404 445 1472 terium
468 1406 712 1498 protrahatur,
726 1429 896 1480 vasorum
920 1409 1145 1504 capillacium
1171 1407 1330 1479 conditio
1353 1407 1444 1478 adeo
1470 1414 1526 1477 est
1549 1406 1706 1490 turbata,
1721 1415 1764 1478 ut
1779 1403 2011 1480 faustissimis

310 1554 544 1629 antummodo
570 1557 642 1630 sub
667 1559 853 1632 ominibus
879 1571 915 1633 et
939 1583 1005 1656 per
1030 1562 1282 1634 brevissimum
1307 1568 1455 1655 tempus
1479 1560 1696 1632 normaliter
1720 1563 1979 1654 conspiciatur.

133 1740 207 1834 rig.
235 1749 297 1815 14.
439 1734 558 1852 Ῥοη
582 1738 754 1829 marginis
779 1741 922 1836 hepatis
945 1751 1067 1813 ranae.
1120 1736 1342 1815 deteriorum
1369 1738 1428 1836 (a)
1453 1750 1489 1812 et
1512 1761 1686 1814 venarum
1706 1734 1771 1838 (b)
1788 1739 2011 1811 distribuen-

247 1884 271 1940 -'
314 1843 443 1958 damni
477 1898 605 1984 typum
639 1901 784 1965 certum
808 1917 882 1966 nou
914 1893 1090 1968 observor
1123 1897 1272 1978 babitu,
1306 1916 1458 1966 numero
1497 1903 1536 1964 et
1573 1903 1701 1966 motus
1735 1895 1918 1966 celeritate
1955 1901 2011 1965 sat

313 2046 504 2113 convenire
529 2045 710 2158 videntur.
762 2047 926 2119 ArterIae
950 2053 1083 2120 aenaim
1109 2053 1149 2120 in
1173 2049 1338 2122 surculos
1359 2051 1529 2120 minimos
1563 2046 1794 2134 dilabuntur,
1829 2053 1914 2142 qui,
1942 2053 2013 2120 aei·

312 2195 419 2265 nnlos
445 2195 663 2285 ambientes,
688 2209 764 2273 rete
800 2209 941 2273 aretum
977 2210 1015 2274 et
1027 2211 1180 2300 pastum
1205 2199 1373 2276 formant.
1421 2203 1455 2274 E
1485 2201 1632 2285 rivulis,
1656 2207 1721 2292 qui
1747 2207 1911 2277 acinulos
1935 2229 2010 2280 am·

310 2345 438 2432 bennt,
463 2349 575 2444 (qnos
602 2353 895 2430 Gruithnisenius
921 2360 1057 2452 optime
1082 2355 1316 2446 delineavit),
1335 2377 1449 2428 venae
1473 2353 1600 2426 eodem
1625 2355 1849 2451 colliguntur
1883 2359 2009 2450 modo,

311 2521 356 2572 ae
387 2506 541 2577 arteriae
572 2505 836 2584 dividebantur.
886 2510 1031 2584 Acinnli
1063 2513 1132 2606 ipsi
1167 2513 1273 2605 quasi
1287 2529 1318 2600 ‘e
1343 2505 1465 2580 floccis
1498 2505 1796 2603 conglomeratis
1811 2519 2006 2607 compositi
2141 2553 2145 2558 ·

311 2654 386 2726 esse
417 2651 599 2733 ridentur.
649 2663 719 2736 Ast
745 2685 935 2759 nnnpram
974 2663 1150 2734 duculum
1182 2661 1412 2734 biliferorum
1445 2683 1493 2733 ne
1515 2661 1705 2757 vestigium
1740 2661 1887 2757 quidem
1912 2669 1986 2740 vidi
1994 2695 2012 2762 5

312 2809 352 2880 bi
375 2833 397 2881 a
422 2819 547 2898 motu,
581 2837 627 2886 ex
650 2815 898 2911 applicationis
929 2819 966 2886 vi
990 2819 1188 2888 accelerato
1214 2823 1251 2886 et
1273 2813 1508 2908 perturbato,
1541 2820 1706 2886 evacuati
1731 2827 1819 2888 sunt
1851 2827 1888 2889 et
1924 2843 2012 2892 ocn-

309 2963 391 3034 lum
427 2963 586 3064 lugiunt.
635 2967 804 3042 Attamen
830 2971 1009 3042 ductuum
1031 2965 1261 3042 biliicrorum
1285 2965 1465 3038 fabricam
1486 2969 1528 3037 in
1551 2960 1669 3064 figura
1703 2964 1769 3060 (B)
1803 2969 1914 3040 talem
1947 2972 2011 3046 de-

310 3121 429 3211 pinxi,
455 3075 727 3214 materterae,
754 3122 907 3196 credidi.

378 3353 383 3360 .
476 3299 556 3394 rig.
581 3299 623 3374 B.
672 3303 814 3376 Ductus
850 3303 986 3374 biliieri
1011 3298 1091 3402 (c),
1129 3303 1294 3378 tontibus
1319 3304 1554 3377 clandestinis
1576 3309 1616 3373 et
1637 3307 1786 3410 incertis
1812 3327 1857 3376 ex
1879 3309 2009 3378 adon·

308 3449 429 3522 lorum
453 3453 734 3550 parencbymate
758 3460 851 3539 orti,
883 3463 1020 3527 sensim
1047 3462 1086 3526 in
1111 3459 1249 3529 rivulos
1283 3459 1407 3554 colligi
1432 3458 1618 3541 videntur,
1655 3462 1720 3550 qui
1759 3463 2007 3558 increscentes

308 3622 329 3671 a
353 3605 632 3702 parencbymate
655 3611 788 3680 vicino
801 3608 1000 3704 parietibus
1026 3615 1226 3706 cinguntur
1249 3617 1287 3680 et
1311 3609 1358 3678 ad
1382 3629 1555 3678 venarum
1581 3609 1693 3680 latera
1718 3611 1929 3684 decurrunt.

124 3799 202 3898 Γῆς,
230 3811 292 3879 15,
471 3785 608 3856 Eadem
643 3787 784 3882 hepatis
821 3813 930 3861 ranae
954 3813 1058 3885 pars,
1098 3813 1194 3887 quae
1233 3811 1298 3883 per
1336 3789 1483 3885 longius
1516 3791 1691 3880 temporis
1729 3792 1888 3881 spatium
1928 3787 2008 3862 aiiri

309 3937 461 4006 inlmico
493 3942 676 4030 exposita,
720 3944 869 4014 animali
908 3944 1147 4028 moribundo,
1190 3943 1499 4034 metamorphoses
1540 3941 1701 4029 insignes
1737 3940 1846 4012 subit.
1909 3941 2004 4012 Nam

172 4077 178 4084 ’
310 4083 505 4161 affectione
528 4096 764 4180 increscente,
789 4106 911 4168 motus
937 4101 1132 4193 sanguinis,
1155 4101 1218 4190 qui
1241 4099 1402 4190 primum
1426 4093 1644 4164 acceleratus
1673 4102 1741 4179 est,
1767 4099 1804 4164 in
1832 4101 1925 4168 vasis
1951 4095 2024 4168 ea·v

309 4242 501 4335 pillaribus
525 4267 614 4318 mox
636 4251 850 4332 retardatur,
864 4257 973 4344 atque
987 4250 1120 4318 borum
1145 4255 1220 4318 rete
1238 4247 1334 4318 nuda
1352 4251 1539 4344 sanguinis
1555 4247 1660 4340 plena
1678 4245 1878 4318 infarcitur.
1905 4249 2004 4320 'liam

309 4411 621 4503 metamorphoses
645 4423 666 4472 a
690 4402 893 4478 montibus
919 4402 1027 4475 etiam
1051 4403 1097 4474 ad
1125 4397 1265 4496 majora
1289 4421 1375 4472 vasa
1398 4397 1690 4494 proficiscuntur.
1741 4398 1872 4472 Motus
1894 4409 2006 4474 retar·

274 4631 278 4638 .
312 4565 418 4635 delus
442 4563 590 4634 tandem
615 4545 867 4652 perturbatur,
893 4565 930 4628 et
954 4557 1057 4640 hinc,
1082 4557 1183 4628 illinc
1205 4561 1256 4628 ita
1280 4555 1463 4636 lentescit,
1489 4561 1532 4624 nt
1558 4551 1639 4624 lere
1660 4561 1821 4646 stagnet,
1848 4553 1936 4624 dum
1963 4559 2003 4626 in

315 4718 402 4788 aliia
429 4717 521 4788 locis
545 4717 694 4812 sanguis
718 4712 957 4805 inaequaliter
981 4711 1100 4780 adhuc
1124 4709 1359 4804 propellatur.
1384 4707 1499 4777 letali
1516 4703 1798 4798 perturbationis
1818 4717 2006 4780 momento

313 4891 395 4944 assa
421 4870 579 4966 depinxi.
631 4868 717 4942 Para
754 4885 928 4936 vesorum
968 4862 1144 4960 sanguine
1176 4871 1363 4957 nagnam
1397 4860 1630 4956 impleraret
1661 4854 1744 4956 (lv),
1783 4865 1847 4952 qui
1870 4865 2004 4952 partin

1288 5028 1337 5090 15
