4838 6192
1170 555 1219 636 89
1315 563 1319 568 ’

346 759 385 817 et
413 745 452 837 c)
479 740 638 818 'taudem
661 745 783 819 uerri.
834 743 996 844 Sanguis
1029 761 1069 817 et
1096 739 1355 844 purencbymu'
1382 737 1580 840 sequslem
1603 737 1770 832 acuens
1791 755 1940 840 purtem
1968 739 2042 815 sihi

346 895 558 987 vindicent,
586 913 625 969 et
647 921 868 997 processus,
894 921 992 998 quos
1014 911 1168 971 movent
1195 910 1235 966 ot
1254 893 1466 996 patiuntur,
1502 890 1600 966 vidis
1625 909 1687 966 sst
1713 891 1909 992 quomodo
1932 891 2041 970 nervi

347 1066 480 1148 egunt,
504 1073 580 1122 neo
605 1047 706 1140 ridi,
731 1073 806 1124 uec
826 1049 941 1140 nori,
964 1073 1039 1122 neo
1068 1045 1257 1149 explicare
1283 1045 1455 1120 tmtubo.

257 1243 344 1310 352.
511 1227 723 1330 Systemute
757 1227 968 1328 sanguineo
1003 1244 1042 1301 st
1065 1225 1362 1330 parenobymste
1398 1223 1639 1328 juventibus,
1674 1225 1835 1315 muteris
1863 1225 2043 1327 organico

342 1379 458 1454 mirus
494 1399 534 1454 et
560 1381 763 1458 immensus
807 1379 954 1457 formae
992 1379 1342 1482 metamorphoses,
1373 1395 1478 1454 corto
1517 1395 1609 1480 typo
1644 1378 1894 1467 evolvendus,
1926 1377 2039 1486 subit

336 1533 454 1608 nunc
468 1505 627 1638 'typum
653 1536 720 1636 qui
742 1535 1072 1612 constantissimus
1092 1551 1169 1627 est,
1195 1532 1265 1608 sub
1287 1531 1409 1608 trihus
1428 1531 1631 1627 momentis
1651 1529 1857 1632 designari.
1910 1551 1944 1610 t.
1963 1532 2044 1606 Pri·

349 1711 453 1758 mum
469 1705 702 1764 momentum
723 1706 956 1764 momentum
970 1687 1222 1792 depositionis
1253 1703 1324 1763 cst.
1383 1700 1421 1764 t.
1436 1683 1606 1760 Alterum
1627 1686 1932 1762 commutationis
1961 1713 2043 1766 me·

345 1827 514 1912 mentum
538 1840 710 1918 soluturi.
764 1859 803 1922 3.
817 1843 1048 1918 Momentum
1077 1840 1229 1914 tertium
1249 1837 1505 1942 absorptionis
1527 1837 1712 1940 appellari
1732 1855 1870 1942 potest.
1912 1845 2041 1918 Tetus

342 1992 513 2094 ejusdem
526 2021 728 2096 processus
745 1993 914 2070 membru
926 2011 1026 2090 suut,
1052 2019 1125 2069 uec
1143 1992 1309 2094 disjungi
1327 2007 1498 2096 possum.
1533 1990 1701 2090 ,Singula
1713 2017 1816 2068 nuuc
1832 2012 2040 2098 perscutor.

255 2169 342 2240 353·
510 2193 544 2250 1.
568 2175 732 2248 Primum
749 2172 1002 2276 depositionis
1022 2189 1255 2250 momontum
1275 2188 1346 2250 est.
1403 2171 1440 2245 Δ
1463 2166 1903 2273 sauguine'potissimum
1929 2177 2042 2278 pass.

229 2417 234 2424 .
343 2329 441 2404 citur
448 2355 463 2424 3
488 2327 571 2422 sed,
595 2325 772 2403 licetsnb
792 2325 913 2402 oeulis
928 2343 1143 2430 peragetur,
1181 2325 1370 2427 depositio
1391 2323 1557 2426 »pectori
1579 2325 1728 2425 nequit.
1776 2326 2040 2431 Depositionis

342 2505 545 2584 processus
572 2481 614 2556 iu
642 2499 743 2557 stum
761 2481 923 2558 normali
947 2479 1100 2556 oculum
1123 2477 1240 2580 sugit,
1273 2478 1456 2580 quonism
1478 2475 1716 2552 clandestino
1740 2497 1781 2554 ot
1804 2481 2036 2558 insensibili·

341 2649 402 2710 ter
422 2633 483 2706 fit:
507 2659 622 2734 quum
645 2631 699 2707 ob
719 2657 813 2726 rem,
834 2650 879 2708 ut
896 2633 1032 2708 melius
1059 2650 1364 2734 cognosceretur,
1386 2649 1581 2708 momentu
1596 2631 1802 2732 sequentis
1816 2637 2039 2742 conscripsi.

123 2925 131 2930 ,
253 2822 341 2891 354.
508 2837 543 2886 u.
569 2815 675 2886 Inter
696 2811 918 2910 sangumem
946 2829 986 2886 ct
1005 2810 1262 2914 puronchymu
1285 2812 1553 2888 commercium
1579 2809 1774 2910 quoddam
1801 2813 1963 2910 edesse,
1998 2833 2039 2892 ct

338 2966 518 3042 materias
543 2964 727 3066 quusdum
747 2989 771 3038 e
793 2965 978 3063 sunguine
995 2965 1036 3037 in
1055 2965 1350 3068 purenohymste
1375 2963 1539 3066 deponi,
1569 2961 1659 3037 licet
1678 2963 1930 3067 depositionis
1948 2994 2038 3072 pro-

342 3143 472 3194 cessus
491 3119 533 3190 in
561 3133 662 3194 stetu
681 3142 776 3192 suno
799 3143 878 3192 non
904 3119 1182 3220 conspicietur,
1208 3135 1377 3204 constat,
1401 3143 1475 3192 uec
1493 3114 1592 3190 ullus
1613 3111 1773 3192 dubitet.
1821 3119 1868 3191 ln
1892 3117 2038 3196 iudom.

339 3273 507 3347 nuatione
528 3269 740 3372 depositio,
766 3293 911 3370 quaec
931 3271 1031 3345 rosis
1051 3273 1232 3372 contigit,
1259 3271 1382 3346 oculis
1407 3293 1562 3370 quoque
1582 3269 1746 3369 meteri
1764 3286 1904 3371 potest.
1957 3273 2038 3350 Sed

340 3425 553 3528 qnaerim
578 3381 745 3524 quonum
767 3421 885 3498 modo
911 3422 1164 3524 depositionis
1182 3447 1386 3527 processus
1405 3423 1447 3494 in
1467 3437 1568 3494 ststu
1592 3443 1688 3495 suno
1711 3439 1926 3522 peragatur.

251 3613 340 3682 555.
504 3599 544 3677 b.
567 3603 613 3674 Iu
636 3617 736 3675 statu
766 3597 1057 3677 inflammatorio
1085 3599 1258 3701 globulos
1288 3599 1393 3701 ipsos
1424 3598 1465 3670 iu
1494 3595 1751 3701 purenohymu
1775 3599 1917 3678 effusos
1938 3605 2029 3686 vidi.

340 3757 387 3828 ln
410 3771 511 3829 statu
536 3779 627 3830 roro
654 3767 748 3829 suno
778 3752 951 3854 globulos
978 3753 1216 3854 sanguinius
1243 3749 1441 3828 cunslibns
1465 3750 1544 3824 suis
1564 3775 1760 3850 nunquam
1788 3751 1967 3832 ubsrum
1998 3777 2037 3836 et

341 3905 381 3981 in
405 3907 701 4009 psrenchymute
726 3907 895 4006 quodum
917 3907 1035 3984 modo
1059 3907 1236 4000 retineri,
1270 3903 1488 3980 obsemmir
1518 3919 1585 3978 ortt
1604 3903 1640 3977 si
1659 3904 1828 4006 singulus
1849 3908 1949 3988 forte
1977 3916 2035 3988 in.

339 4061 488 4136 terdum
519 4059 673 4152 madet,
708 4058 750 4131 id
772 4085 860 4135 ruro
889 4059 989 4152 tori,
1022 4077 1183 4137 constat.
1243 4057 1397 4134 Globnli
1431 4053 1627 4155 sanguinis
1654 4059 1784 4134 cuncti
1810 4085 1855 4136 cx
1888 4068 2036 4144 erton-iis

287 4299 291 4306 ⁸
338 4167 421 4288 uuo
436 4215 586 4288 tramite
605 4211 655 4286 ud
674 4235 792 4286 renas
809 4213 1059 4312 trajiciuntur.
1107 4215 1178 4290 Ast
1197 4211 1464 4291 commercium
1482 4211 1584 4284 iuter
1600 4210 1823 4312 sanguinem
1844 4229 1884 4288 et
1899 4239 2036 4318 puceu.

341 4367 476 4469 chymu
497 4366 616 4456 adsit,
640 4389 800 4439 necesse
824 4381 893 4440 est.

254 4519 342 4600 ³56·
509 4543 543 4592 c.
570 4517 846 4592 Comercium
873 4515 1151 4592 clandestinum
1177 4519 1280 4592 inter
1302 4515 1546 4618 sunguincm,
1578 4515 1645 4616 qui
1666 4515 1707 4590 in
1728 4515 1830 4592 rasis
1852 4515 2034 4615 decurrit,

340 4689 379 4746 et
407 4669 664 4774 purcncbyms
684 4673 845 4770 cingens
866 4670 1002 4746 adesse
1022 4695 1157 4772 posse,
1183 4695 1232 4746 ex
1253 4668 1440 4746 affinitate
1462 4685 1503 4744 et
1524 4663 1748 4744 conditione
1769 4693 1942 4745 rusorum
1964 4673 2035 4746 mi·

339 4827 529 4906 simorum
550 4844 590 4902 et
609 4824 916 4928 pmcnolrymstis
936 4823 1050 4898 focile
1075 4823 1307 4924 intelligitur.
1364 4821 1530 4922 Sungnis
1551 4819 1770 4896 mombruns
1792 4819 2034 4902 subtilissimo

1448 4991 1496 5056 tt
