4838 6192
1229 561 1376 644 76x

316 775 402 858 2970·
568 769 706 859 Motus,
733 791 881 868 semper
902 790 1099 868 praeceps,
1126 787 1173 840 ex
1194 763 1403 866 pulsatorio
1431 766 1472 838 in
1496 767 1767 844 oscillatorinm
1787 768 1953 873 deniqne
1971 757 2092 854 trans·

403 919 447 995 it.
499 919 694 996 Oscillatio
720 918 769 996 eo'
795 919 957 1023 incipit,
985 937 1028 993 ut
1052 918 1204 1019 sanguis
1228 919 1267 991 in
1294 917 1407 1022 rumis
1430 920 1637 1022 majoribus
1661 941 1799 1028 sponte
1824 924 1949 1002 subito
1976 946 2094 1006 mutet

400 1073 671 1167 directionem,
707 1091 746 1148 et
781 1099 911 1194 versus
937 1091 1093 1152 truncos
1126 1094 1196 1148 sen
1226 1072 1354 1148 fontes
1394 1075 1597 1174 ascendat3
1630 1077 1707 1153 hoe
1732 1077 1773 1154 in
1796 1038 1903 1153 venis
1927 1080 2033 1181 prins
2056 1083 2096 1156 e't

400 1224 636 1328 frequentius
667 1227 898 1304 observatur.
954 1226 1186 1302 Dicentionis
1220 1227 1453 1304 inversiones
1484 1247 1717 1330 spontaneae
1748 1193 1877 1332 magis·
1898 1235 2092 1335 magisque

404 1398 604 1485 nugentur,
639 1380 707 1456 sed
728 1381 839 1456 simul
857 1382 897 1456 in
917 1381 1066 1455 minora
1086 1405 1235 1480 semper
1258 1382 1534 1481 restringuntur
1550 1385 1691 1484 spatia,
1717 1385 1791 1480 ita,
1815 1405 1859 1460 ut
1881 1387 2090 1482 oscillatio,

399 1538 537 1614 multos
564 1563 639 1612 una
673 1534 882 1610 directione
914 1533 1265 1638 prins-percurrens
1290 1532 1462 1627 canales,
1500 1560 1603 1610 nunc
1630 1535 1839 1632 dividatur,
1877 1541 1982 1616 etin
2011 1565 2092 1616 arc·

400 1675 563 1767 tionibus
589 1715 740 1793 semper
766 1686 899 1791 spatiis
922 1686 1080 1762 occillet.

308 1897 395 1980 293,
563 1857 712 1934 Animal
728 1855 897 1932 moritur.
930 1857 1056 1931 Motus
1069 1881 1159 1932 vero
1174 1881 1259 1931 cum
1274 1874 1394 1932 morto
1410 1857 1565 1932 minime
1581 1856 1706 1932 subito
1726 1873 1900 1952 mutatur,
1916 1855 1986 1932 sed
2002 1881 2088 1934 sen·

390 2012 470 2096 sim
499 2010 738 2087 solummodo
763 2009 813 2082 ad
837 2009 950 2084 finem
970 2008 1224 2112 perducitur,
1264 2010 1484 2086 directionis
1508 2027 1743 2113 spontaneae
1764 2010 1982 2088 sactsstatem
2008 2033 2110 2113 per·‘

395 2165 454 2244 dit
479 2183 517 2242 ct
532 2163 740 2242 secundum
766 2163 948 2267 ponderis
975 2164 1223 2268 etgravitatis
1245 2165 1348 2266 leges
1370 2165 1462 2241 hine
1482 2182 1597 2266 atque
1618 2165 1724 2240 illine
1746 2163 1897 2241 labitur.
2023 2187 2024 2194 ¹

303 2369 390 2478 299.
555 2346 917 2450 Globulornmrero
944 2344 1176 2444 singulorum
1195 2359 1318 2420 motus
1338 2343 1509 2420 nondum
1531 2362 1590 2421 est
1608 2346 1814 2438 extinctus3
1842 2341 1910 2420 sed
1934 2341 2088 2416 tandem
2130 2365 2139 2371 “

364 2541 370 2552 ’
396 2502 555 2596 deletur,
581 2497 735 2601 qrrando
755 2523 777 2571 e
800 2499 982 2598 sanguine
1003 2495 1187 2574 dissoluto
1208 2517 1345 2612 magna
1363 2497 1440 2573 aeri
1456 2499 1584 2601 spurci
1602 2499 1715 2606 copia
1745 2495 1912 2589 exsudat,
1946 2512 1985 2569 et
2011 2495 2089 2594 glo·

393 2653 475 2732 buli
495 2653 586 2758 ipsi,
612 2653 654 2726 in
679 2651 828 2752 agmina
848 2650 1019 2751 dispersa
1045 2650 1217 2744 collecti,
1245 2651 1420 2750 coagula,
1443 2675 1579 2755 spurce
1599 2650 1773 2726 brunnen
1796 2647 1926 2724 colore
1949 2647 2088 2739 tincta,

395 2808 585 2886 exhibent.
633 2809 736 2884 Vasa
759 2804 976 2880 mesenterii
1001 2803 1158 2908 propria
1178 2803 1257 2906 jam
1279 2829 1300 2877 e
1321 2803 1439 2906 longo
1463 2819 1633 2908 tempore
1662 2802 1814 2910 penitus
1840 2825 1925 2880 esse
1950 2825 2090 2895 vacua,

391 2961 610 3042 memorari.

306 3167 394 3232 500.
573 3143 672 3218 Dum
691 3137 756 3212 hic
780 3153 981 3237 processus
1006 3137 1046 3208 in
1065 3135 1295 3212 mesenterio
1320 3132 1582 3237 peragebatur,
1610 3134 1659 3209 nd
1682 3152 1820 3210 statum
1845 3161 2020 3214 rasorum
2049 3137 2089 3210 in

390 3297 610 3376 membrana
638 3291 827 3366 natatoria
856 3289 1007 3390 saepius
1034 3290 1195 3390 respexi.
1255 3288 1458 3390 Sanguinis
1489 3305 1613 3366 motus
1640 3290 1682 3362 in
1710 3289 1820 3364 initio
1853 3287 2084 3364 acceleratus

297 3537 306 3546 ⁸
394 3470 494 3544 erat,
529 3423 695 3525 etcircn
715 3445 854 3519 undam
875 3442 1027 3544 plenam
1054 3469 1143 3519 rasa
1163 3413 1313 3518 modice
1338 3461 1448 3518 tensa
1474 3460 1593 3519 erant.
1655 3445 1745 3520 Post
1769 3442 1915 3543 aliquot
1939 3459 2087 3544 tempus
2155 3449 2160 3458 '

272 3617 284 3664 -'
363 3579 514 3682 ⁸undae
542 3601 679 3676 llumen
705 3597 1012 3691 imminuebatur,
1045 3615 1083 3672 et
1108 3621 1198 3674 vasa
1223 3595 1379 3708 dilatata
1407 3595 1633 3672 manebanta
1661 3613 1784 3673 motus
1809 3621 1902 3672 tero
1929 3593 2085 3698 rapidus
2141 3698 2147 3708 ἱ

336 3809 342 3824 ·
392 3757 600 3864 perstabat.
649 3758 752 3830 inter
775 3753 924 3827 ultimas
948 3751 1114 3852 denique
1138 3775 1317 3826 rasorum
1338 3751 1630 3828 mesaraicorum
1654 3749 1978 3851 metamorphoses
2005 3773 2090 3824 san-

393 3913 519 4014 guinis
539 3908 643 3983 unda
661 3903 884 4009 parcissima
895 3930 1080 4004 ‘magnum
1101 3929 1275 3979 rasorum
1300 3929 1495 3978 numerum
1516 3902 1593 4002 jam
1616 3920 1884 4000 evacuaverat3
1909 3927 1979 4004 per
2001 3905 2088 3976 reli·
2200 3991 2202 3996 Δ

393 4091 471 4167 qun
495 4088 586 4139 vero
609 4059 742 4162 rapide
764 4056 1036 4159 trajiciebatur.
1086 4057 1177 4131 Post
1198 4073 1358 4162 mortem
1383 4054 1465 4131 fere
1490 4073 1627 4133 cuncta
1649 4055 1891 4130 membranae
1921 4081 2011 4130 rasa
2028 4081 2090 4130 ra·

394 4245 466 4294 ena
490 4235 607 4292 erant.
638 4209 648 4245 *
667 4211 829 4288 Affectio
850 4211 974 4311 igiurr,
999 4235 1046 4284 ex
1066 4215 1281 4312 pathemate
1299 4209 1484 4285 uiscerum
1500 4171 1687 4312 profecta,
1704 4179 1785 4316 ¹per
1803 4171 1925 4284 totum
1947 4187 2087 4312 corpus
2103 4185 2114 4292 Χ,

396 4397 562 4474 expansa
582 4368 699 4444 fluisse
718 4363 876 4441 videtur.

308 4579 392 4640 30¹,
430 4559 437 4572 ·
556 4537 729 4612 Hallerns
754 4533 803 4606 de
829 4529 1092 4624 extrarasatia,
1125 4553 1245 4632 qnae,
1270 4531 1369 4604 intra
1389 4529 1604 4606 mesenterii
1626 4531 1784 4606 laminas
1804 4505 2085 4630 contingentia,

395 4698 500 4772 cirea
531 4717 620 4768 rasa
646 4688 792 4790 majora
820 4684 1088 4785 colligerentur
1113 4702 1151 4757 et
1181 4701 1285 4759 motu
1308 4683 1540 4759 oscillatnrio
1562 4683 1788 4794 gauderent,
1826 4678 1944 4758 multa
1971 4681 2090 4757 disse·

365 4861 371 4868 '
394 4847 480 4923 ruit.
530 4810 773 4921 Extrarasata
792 4839 956 4942 quidem,
984 4837 1088 4915 circu
1108 4862 1202 4946 rasa,
1222 4836 1369 4938 majora
1391 4837 1579 4914 versantia
1610 4853 1649 4912 et
1677 4835 1902 4929 oscillantia,
1932 4835 2084 4938 saepius
