4838 6192
1098 586 1264 668 .9²

384 773 439 849 ris
467 769 633 872 denique
659 785 921 846 excernuntur.
972 765 1100 844 Riruli
1122 793 1211 844 tero
1235 767 1322 844 bilis
1344 767 1518 844 ductibus
1547 771 1715 876 propriis
1742 773 2081 878 aparenclrymatc
2185 797 2192 818 ¹

313 1008 319 1030 ,
383 925 618 1016 muniuntur,
650 927 696 996 'et
726 920 792 995 tali
816 919 932 996 modo
965 922 1121 1022 quaevis
1148 923 1325 1014 materia,
1352 922 1393 998 in
1421 923 1714 1026 parenohymata
1738 948 1886 1006 secreta
1915 957 1982 1008 seu
2003 933 2082 1008 sor.

382 1096 500 1170 mata,
527 1077 578 1152 ad
597 1091 702 1151 certa
719 1073 808 1147 loca
825 1073 1027 1174 colligitur.
1077 1075 1133 1148 Ex
1152 1073 1211 1148 his
1234 1074 1330 1154 loeis
1351 1093 1416 1151 aut
1438 1078 1479 1150 in
1500 1079 1754 1179 organismum
1775 1063 1910 1162 iterun
1931 1086 2080 1164 reduci·
2122 1065 2132 1078 ’

381 1253 461 1330 tur,
485 1249 549 1310 aut
568 1229 661 1308 soris
682 1227 903 1304 excernitur.

1123 1407 1336 1429 *a

293 1637 376 1720 562,
411 1665 415 1676 ·
544 1623 629 1698 Hoc
657 1636 749 1722 typo
772 1613 953 1691 materiae
981 1611 1183 1714 organicae
1205 1613 1426 1689 vicissitudo
1449 1631 1487 1690 et
1503 1619 1819 1724 metamorphosis
1842 1619 1881 1694 in
1903 1645 2073 1722 quocun·
2115 1695 2119 1699 .
2154 1629 2162 1639 “

380 1803 454 1881 que
476 1801 618 1876 organo
642 1790 680 1847 et
703 1771 772 1846 sub
792 1791 1017 1872 quacunque
1042 1765 1142 1841 ritae
1167 1767 1388 1843 conditione
1418 1770 1650 1870 transigitur.
1704 1775 1894 1874 Superest,
1921 1791 1965 1847 ut
1989 1799 2078 1848 cau·

379 1959 441 2009 sas
458 1929 624 2006 exactius
638 1909 827 2018 'dotalem
856 1947 954 2026 quae
975 1921 1155 1996 materiae
1180 1922 1381 2025 organicae
1400 1926 1722 2030 metamorphoses
1749 1943 1827 2001 tam
1850 1925 2072 2006 multifarias

381 2083 556 2164 reddant
672 2077 675 2084 ⁴

288 2295 374 2379 363,
541 2265 582 2359 1,
603 2277 728 2352 Primo
753 2273 932 2349 materiae
957 2269 1287 2375 metamorphosim
1307 2299 1378 2377 pro
1406 2290 1506 2350 statu
1531 2247 1694 2376 partium
1718 2301 1813 2350 sano
1836 2291 1875 2350 et
1894 2273 2073 2352 morboso

378 2435 538 2511 maxime
563 2429 732 2527 differre,
767 2428 974 2506 observari.
1024 2429 1069 2498 In
1093 2441 1193 2499 statu
1223 2451 1317 2501 sano
1344 2444 1537 2502 momenta
1560 2427 1833 2530 depositionis,
1871 2448 2076 2532 commuta·

377 2589 494 2666 tionis
516 2604 556 2662 et
582 2583 839 2690 absorptionis
862 2577 1112 2682 aequabiliter
1134 2596 1171 2652 et
1193 2580 1374 2654 continue
1393 2599 1623 2682 peraguntur
1629 2608 1643 2676 3
1669 2581 1715 2654 in*
1740 2599 1839 2656 statu
1861 2601 1956 2658 tero
1982 2609 2079 2658 mor·

303 2823 306 2830 .
378 2742 476 2820 boso
500 2737 751 2844 inaequaliter
777 2752 817 2809 et
846 2731 1103 2833 irregulariter
1124 2731 1378 2833 perficiuntur.
1437 2735 1480 2806 In
1506 2749 1606 2807 statu
1626 2731 1787 2808 normali
1814 2720 1945 2808 intime
1976 2735 2075 2810 inter

377 2923 421 2976 se
440 2895 663 2986 cohaerent,
689 2907 728 2966 et
749 2879 859 2962 terna
884 2885 1019 2962 eodem
1036 2885 1189 2986 aequali
1207 2883 1376 2988 gaudent
1398 2903 1512 2988 typo,
1539 2903 1598 2962 ast
1620 2887 1780 2962 instato
1804 2885 1983 2964 morboso
2006 2911 2079 2964 nee

199 3037 202 3045 ¹
307 3055 309 3060 ’
380 3049 570 3152 depositio
601 3039 904 3131 commutationi,
935 3064 1008 3111 nee
1040 3040 1283 3112 commutatio
1301 3013 1548 3140 vabsorptioni
1579 3056 1683 3113 certa
1711 3037 1795 3140 lege
1824 3007 1984 3143 amplius
2011 3038 2077 3114 ad·

378 3227 489 3306 nexa,
506 3218 583 3298 cst,
611 3197 680 3276 sed
705 3193 936 3295 disjunctae,
964 3191 1073 3292 quasi
1097 3191 1256 3304 proprio
1284 3192 1424 3283 Marte,
1451 3178 1622 3291 singulae
1645 3193 1874 3266 evolvuntur.

292 3361 377 3446 3⁶²⁸·
543 3397 581 3461 2.
606 3379 649 3456 In
682 3393 781 3453 statu
813 3397 907 3449 sano
942 3387 981 3446 et
1014 3367 1194 3446 morboso
1225 3368 1449 3444 discrimina
1479 3349 1704 3464 multifaria,
1739 3369 1876 3472 quihus
1900 3325 2080 3448 materiae

380 3531 705 3638 metamorphoses
735 3527 952 3630 ubicunque
987 3525 1171 3628 gaudent,
1215 3523 1342 3599 denuo
1376 3523 1523 3598 dannu.
1587 3523 1695 3598 Haeo
1735 3548 1765 3616 a⁸
1789 3523 2095 3619 mutationibus,

379 3716 506 3794 aquae
534 3685 728 3788 sanguinis
757 3649 932 3774 circulus,
957 3679 1003 3784 b)
1027 3677 1223 3778 sanguinis
1246 3676 1369 3778 copia.
1402 3675 1442 3774 c)
1461 3677 1657 3775 sanguinis
1682 3672 1843 3768 indoles,
1871 3674 1913 3775 d)
1935 3701 2072 3777 paren·

382 3843 565 3946 chymatis
589 3835 739 3914 indoles
772 3853 811 3913 et
837 3836 876 3936 c)
907 3828 1211 3939 perenchymutie
1237 3829 1351 3935 eopia
1373 3827 1419 3918 ,in
1449 3829 1564 3905 variis
1599 3829 1700 3904 ritae
1729 3827 2012 3907 conditionibus
2042 3850 2081 3908 et

381 3996 536 4100 organis
564 3990 743 4084 subeunt,
775 3987 957 4096 pendent.

297 4209 380 4300 565·
548 4175 631 4249 Hos
646 4169 869 4247 varietatum
887 4161 1229 4256 innumerabilium,
1255 4185 1358 4266 quaa,
1372 4161 1554 4236 materiae
1577 4139 1781 4260 organicae
1792 4134 2080 4264 ‘metamorpho-

215 4315 228 4326 ⁶
293 4395 295 4402 t
383 4323 837 4432 suprannominatas
864 4321 1142 4421 uoti,eosque
1171 4313 1369 4424 sufficere,
1395 4311 1593 4390 nec'alios
1620 4311 1891 4407 dari,orodo.'

298 4525 383 4612 566.
551 4483 596 4584 d.
622 4504 802 4580 Materiae
822 4498 1167 4606 metamorphosim,
1194 4519 1293 4597 quae
1318 4495 1359 4568 in
1378 4511 1477 4570 statu
1498 4519 1593 4568 sano
1617 4494 1657 4568 in
1676 4473 1829 4596 organis
1852 4494 2080 4601 secretariis,

386 4633 541 4774 proprie
562 4661 619 4740 sic
644 4658 778 4751 dictis,
802 4653 1010 4756 contingit,
1037 4677 1139 4728 nunc
1163 4647 1380 4750 singulatim
1398 4665 1535 4752 tracto.

300 4849 383 4935 362.
552 4843 706 4944 Organa
722 4835 928 4916 secretoria
945 4833 1044 4910 inter
1059 4847 1186 4908 cetera
1201 4853 1344 4932 organa
1366 4827 1405 4928 a)
1426 4843 1550 4904 motus
1571 4827 1767 4940 sangpipis
1782 4825 1942 4938 lentore,
1964 4825 2006 4922 b)
2024 4825 2092 4926 ia·v
