4800 6194
1214 689 1240 754 4

376 873 653 990 viribus‘vaida
681 893 761 950 erat
787 875 1025 970 exhaustum,
1048 899 1119 974 reu
1143 873 1178 952 ai
1205 875 1379 981 inpacta
1404 877 1509 957 laeta
1533 876 1656 984 major
1685 880 1798 958 timul
1823 883 1956 962 aderat
1988 913 2076 966 aaa·

375 1027 500 1128 guinis
529 1048 660 1130 turgor
688 1045 727 1104 et
749 1027 920 1108 effluxae.

311 1213 369 1295 16.
540 1171 690 1306 Iisdem,
717 1213 869 1313 quaein
892 1213 1098 1330 majoribus
1113 1215 1340 1318 contingunt
1363 1217 1474 1316 raaia,
1490 1217 1767 1322 phaenomenia
1797 1221 1912 1302 etiam
1927 1228 2078 1305 minna

375 1363 541 1464 gaudent
577 1391 685 1460 rasa,
733 1371 767 1444 si
793 1395 862 1444 acu
886 1386 1115 1473 punguntur.
1185 1373 1231 1446 lu
1267 1373 1374 1451 renis
1400 1389 1439 1450 et
1476 1374 1624 1450 arteriis
1647 1375 1799 1480 pinnac
1830 1377 1975 1456 caudae
2001 1377 2075 1460 Co·

372 1519 504 1596 bitidia
531 1539 569 1594 ct
593 1505 835 1600 membranae
860 1525 1070 1602 natatoriae
1095 1552 1213 1604 ranae
1249 1527 1411 1604 eundem
1435 1525 1516 1607 ridi
1552 1527 1739 1606 undarum
1763 1555 1894 1611 verane
1942 1535 2076 1614 vulnus

239 1711 241 1718 a
303 1727 304 1730 =
374 1645 599 1751 concursum
626 1695 664 1752 ct
686 1703 864 1779 pugnam.
916 1641 1163 1784 Sedlpuuctu
1193 1699 1284 1760 atmt
1330 1681 1572 1780 difficillima,
1639 1702 1679 1763 at
1717 1687 1985 1792 phaenomena
2010 1715 2074 1765 ex·

373 1829 509 1902 hibent
541 1829 663 1904 minua
698 1829 801 1909 eiara
854 1852 892 1912 et
923 1837 1142 1940 perspicua,
1169 1863 1214 1917 ac
1239 1837 1445 1922 tardema
1479 1841 1665 1946 sanguine
1706 1841 1902 1922 multc'et
1939 1840 2073 1938 rubro,
2173 1859 2184 1880 ·

376 1977 494 2060 effuse
520 2003 745 2086 opacantur.

862 2325 903 2409 2.
973 2313 1200 2404 Vacca
1258 2291 1580 2411 recita.

211 2501 220 2514 '
307 2527 366 2590 η,
451 2587 453 2592 Ι
532 2499 745 2576 Effunditur
784 2514 931 2608 sanguis
965 2536 1009 2586 ex
1039 2523 1197 2614 utraque
1240 2511 1337 2587 rasit
1384 2509 1525 2586 resecti
1565 2523 1674 2611 parte
1715 2505 1905 2610 hujusque
1940 2505 2068 2582 ramis.

376 2629 496 2723 sinat
522 2677 584 2727 ras
609 2657 809 2733 retrahitur
833 2679 873 2736 et
901 2663 950 2737 ad
975 2665 1139 2742 uulneris
1167 2667 1306 2742 ostium
1348 2663 1595 2744 contrahitur.
1649 2667 1758 2738 Tune
1775 2661 1960 2738 undarum
1984 2688 2078 2766 pre·

374 2799 568 2880 fluentium
612 2811 731 2884 oritur
772 2833 961 2892 certamen
968 2872 980 2912 ‚
1007 2819 1122 2922 quod,
1150 2819 1383 2896 anastomoai
1407 2819 1619 2921 impetrata,
1654 2815 1812 2894 tandem
1850 2815 1990 2895 tainu.
2028 2855 2079 2876 -

374 2959 657 3039 Haemorrboca
681 2966 841 3068 placata,
872 2970 1038 3046 thrombi
1062 2989 1220 3052 restant.

309 3205 364 3271 ¹3·
543 3143 586 3220 Si
620 3171 685 3222 aas
732 3153 978 3227 meseraicum
1016 3163 1133 3228 ranae
1171 3151 1418 3250 rescinditur,
1470 3149 1547 3227 duo
1588 3149 1798 3227 formantur
1829 3151 1984 3247 trunci,
2011 3145 2079 3256 qui

375 3295 541 3392 retracti}
568 3299 769 3379 interraiio
796 3307 1053 3408 sejunguntur,
1081 3325 1119 3380 et
1136 3331 1295 3408 quorum
1312 3331 1438 3396 unum,
1459 3301 1568 3379 cordi
1580 3303 1814 3406 propiorem,
1831 3305 2078 3406 superiorem,

376 3449 533 3526 alterum
560 3480 663 3554 vero,
688 3461 851 3538 acarde
875 3461 1137 3551 remotiorem,
1164 3457 1385 3538 inferiorem
1410 3457 1548 3534 aaluto.
1574 3495 1627 3512 -
1652 3457 1708 3528 Ex
1738 3471 1904 3556 utroque
1940 3483 2082 3558 magno

376 3601 461 3654 cum
486 3582 628 3683 impetu
653 3588 806 3686 sanguis
832 3589 1068 3693 profluitj—
1082 3592 1147 3690 (ex
1171 3603 1306 3664 monce
1334 3584 1531 3690 superiore
1557 3599 1597 3660 et
1630 3580 1779 3657 arteriis
1804 3583 2082 3664 haemorrbcea

373 3733 632 3816 vehementior
657 3741 833 3840 accidere
858 3742 989 3844 eolat)
1014 3779 1017 3786 ·

308 4018 350 4098 ιο
541 3951 616 4036 Fit,
643 3970 684 4025 ut
708 3951 893 4029 undarum
917 3979 1006 4057 pars
1032 3955 1250 4029 invertatur.
1303 3952 1494 4028 Venarum
1519 3946 1644 4024 munci
1668 3947 1887 4052 superioris,
1922 3951 2077 4025 arteria·

374 4127 456 4177 rum
484 4132 574 4181 rere
599 4109 724 4184 nunti
749 4107 943 4186 inferioris
970 4111 1214 4210 omniumque
1245 4129 1438 4182 ramorum
1450 4103 1685 4182 invertuntur
1700 4102 1846 4196 undae,
1873 4121 1912 4179 et
1933 4129 2077 4204 omues,

378 4283 453 4360 qua
479 4259 567 4335 data
591 4274 714 4364 porta,
739 4283 1005 4369 prorumpunt.
1056 4263 1250 4366 Sanguine
1273 4259 1439 4355 fluente,
1466 4257 1555 4336 catii
1581 4258 1856 4335 contrahuntur
1879 4255 2002 4352 labia,
2036 4273 2080 4330 ut
2172 4358 2182 4370 .

375 4417 529 4518 sanguis
557 4419 665 4519 quasi
690 4445 760 4522 per
783 4419 1064 4494 infundibulum
1088 4419 1214 4520 trajici
1241 4417 1423 4494 videatur.

310 4542 368 4604 ω’
463 4587 467 4602 ’
539 4603 822 4678 Haemorrhoea
849 4626 937 4676 vare
963 4626 1042 4673 nen
1068 4617 1233 4702 perstat,
1259 4625 1306 4675 ac
1333 4617 1511 4674 etruneo
1537 4595 1720 4672 inferiore
1754 4595 1859 4697 prius
1884 4595 2077 4668 remittere

375 4753 491 4848 aoiet,
534 4781 646 4856 quarn
685 4781 729 4832 ex
753 4757 962 4860 superiore.
985 4791 1048 4814 ·-
1083 4755 1181 4846 Nam
1223 4754 1263 4826 in
1298 4753 1429 4852 aliquo
1476 4777 1687 4843 ramorum,
1727 4775 1798 4826 acu
1824 4750 1866 4823 in
1903 4745 2101 4868 pluribus.

377 4913 516 5006 (utrum
550 4911 763 4987 directione
788 4911 978 5013 gaudeant
1002 4911 1163 4998 normali
1203 4935 1252 4984 an
1277 4907 1476 5010 perversa)
1519 4906 1742 4980 continuum
1766 4901 1893 4976 undae
1935 4899 2075 4973 flumen

373 5063 545 5170 pulsibus
571 5067 793 5172 interrumpi
819 5070 968 5172 coepit3
993 5068 1036 5142 in
1063 5091 1177 5168 quam
1198 5061 1310 5140 simul
1331 5059 1458 5136 undae
1470 5057 1642 5160 reliquae
1653 5051 1949 5162 protruduutur.¹
1965 5057 2078 5130 rma
