4800 6194
1146 651 1198 718 25

317 839 412 916 Ideo
439 841 553 915 etiam
579 840 618 914 in
644 839 842 942 superficie
867 839 1031 920 vulneris
1059 841 1292 943 granulante,
1319 864 1417 943 quae
1444 839 1486 916 in
1511 834 1636 920 stadio
1654 833 1865 920 sanationis
1889 861 2016 918 versa·

318 1013 390 1090 tur,
415 995 569 1098 lympha
593 995 687 1089 sola,
713 997 868 1088 minime
894 1023 986 1074 rere
1011 1022 1083 1097 pus
1110 997 1284 1074 exsudari
1308 1012 1448 1097 potest.

233 1187 315 1256 105.
485 1177 596 1254 Unde
623 1195 661 1252 et
685 1177 878 1278 quoinde
903 1179 1058 1283 lympha
1083 1177 1221 1274 stillet,
1245 1177 1350 1252 haud
1390 1203 1475 1252 sum
1509 1195 1648 1256 certus.
1697 1173 1776 1252 Sed
1814 1195 1930 1274 quum
1967 1167 2018 1246 ad

317 1333 481 1408 vulneris
506 1335 714 1434 marginem
742 1361 813 1410 nec
839 1361 955 1428 vasa,
981 1361 1054 1410 nee
1080 1335 1256 1434 sanguis,
1282 1361 1355 1410 nec
1379 1335 1529 1438 proprii
1565 1333 1693 1411 adsint
1725 1327 1944 1421 canaliculi,
1972 1349 2017 1402 er

315 1486 609 1590 parencbymate
636 1490 721 1588 ipso
748 1490 833 1566 solo
857 1492 1053 1589 procreari
1073 1507 1113 1564 et
1137 1489 1286 1564 secerni
1312 1489 1470 1566 ridetur.

608 1873 656 1988 e)
697 1878 788 1964 De
832 1877 1299 2002 formatione
1343 1899 1708 1967 verorum.

229 2073 313 2154 106·
479 2093 582 2166 Vasa
604 2116 706 2168 nora
730 2115 932 2192 parantur,
950 2065 1120 2197 'pristina
1144 2097 1419 2188 restituuntur,
1442 2113 1481 2170 et
1505 2095 1634 2170 omnia
1663 2094 1704 2167 in
1738 2086 1920 2166 circulum
1953 2105 2018 2184 ge·
2148 2197 2153 2204 ἱ

313 2243 481 2318 ramalem
503 2245 749 2344 recipiuntur.

481 2429 526 2522 a)
550 2427 652 2502 vasa
676 2451 776 2504 nora
799 2449 981 2530 parantur
1005 2433 1046 2508 in
1070 2449 1189 2510 strato
1215 2433 1379 2510 interno.

228 2612 311 2676 tot·
481 2606 686 2708 Sanguinis
716 2607 895 2690 sonnatio
928 2639 1009 2691 non
1042 2615 1179 2718 prius,
1218 2639 1333 2716 quam
1366 2612 1497 2714 quiete
1533 2609 1687 2714 penitas
1726 2603 1944 2682 hnodueta
1978 2621 2031 2684 et.

312 2759 608 2838 inflammatione
632 2781 792 2837 sanante
815 2766 892 2864 jam
927 2767 1090 2861 exculta,
1126 2770 1273 2870 incipit.
1337 2765 1619 2870 suppuratione
1652 2761 1797 2838 leviore
1822 2777 1887 2834 ant
1911 2757 2017 2834 nulle

312 2937 547 3016 praegressa,
572 2915 741 3012 maculae
768 2913 918 3017 aliquae
943 2919 984 2991 in
1000 2921 1295 3024 parencbymate
1311 2935 1467 3003 restant,
1493 2940 1593 3016 quse
1619 2939 1666 2991 eo
1691 2930 1781 2990 eunt
1807 2913 2015 3002 tinctiones,

309 3070 475 3171 majoros
513 3085 553 3143 et
589 3068 966 3174 circumscriptiones,
998 3099 1075 3174 quo
1108 3075 1230 3152 levior
1264 3073 1379 3150 fuerit
1411 3069 1573 3147 affectio.
1634 3067 1754 3143 Simul
1787 3067 1933 3143 insulae
1977 3083 2017 3141 et

308 3225 547 3320 columellae,
574 3251 621 3300 ex
645 3241 763 3300 strato
790 3241 944 3302 externo
976 3227 1234 3323 imminentes,
1277 3226 1420 3306 docens
1444 3247 1574 3304 versus
1607 3222 1773 3298 vulneris
1805 3222 2015 3324 marginem

309 3381 535 3472 demittunt,
570 3379 637 3480 qui
667 3375 810 3480 ubique
845 3397 1084 3480 sparguntur.
1135 3385 1219 3458 Nee
1259 3382 1384 3461 minus
1409 3381 1449 3454 in
1480 3376 1775 3482 parencbymote
1808 3375 1893 3479 ipso
1925 3402 2016 3479 pro·

305 3535 414 3638 priae
438 3549 645 3610 nascuntur
668 3533 978 3634 inaequalitates,
1004 3533 1197 3610 ssaviorem
1223 3533 1426 3608 induentes
1451 3531 1642 3621 colorem,
1671 3554 1771 3630 quae
1795 3530 2011 3606 tenerrimis

306 3688 449 3764 similes
474 3687 626 3780 doceis,
651 3711 736 3760 eum
761 3685 906 3780 floccis,
934 3713 980 3762 ex
1003 3687 1136 3764 insulis
1163 3687 1338 3762 demissis
1365 3703 1404 3762 et
1428 3709 1514 3762 curn
1538 3681 1626 3778 illie,
1653 3685 1720 3784 qui
1746 3707 1791 3758 ex
1815 3683 2010 3788 prioribus

305 3841 439 3918 stadiis
465 3839 590 3916 adhuc
615 3856 703 3914 sunt
727 3841 967 3946 superstites,
989 3845 1207 3919 miscentur.
1257 3840 1388 3918 Flocci
1418 3838 1624 3914 insularum
1657 3861 1751 3941 prae
1774 3840 1914 3956 ceteris
1940 3865 2006 3919 eo·

305 3999 389 4074 lore
414 4023 484 4072 suo
510 3993 784 4097 aliquantulum
824 3996 998 4102 rubriore
1030 4013 1069 4070 et
1098 3995 1201 4074 laeto
1239 3995 1420 4072 eminent.
1488 3995 1595 4068 luter
1618 3993 1780 4092 lloecos,
1821 4001 1889 4102 qui
1926 4029 2007 4084 non

305 4168 394 4227 sunt
417 4148 594 4241 conferti,
617 4147 688 4223 sed
711 4151 851 4250 magni,
875 4149 1131 4254 parencbyrna
1155 4149 1345 4251 turgidum
1369 4165 1409 4223 et
1429 4145 1767 4254 pellucidissimum
1790 4153 2002 4257 interjacet.

159 4265 168 4278 ¹
303 4303 434 4381 Flacci
460 4302 510 4378 ad
533 4299 698 4378 vulneris
723 4303 932 4404 marginem
955 4305 1121 4383 minores
1146 4321 1253 4398 sunt,
1287 4328 1401 4405 quarn
1434 4327 1565 4378 versas
1602 4319 1760 4382 stratum
1793 4305 2002 4409 internum

305 4475 345 4534 et
370 4459 412 4532 in
438 4481 602 4558 genere,
628 4455 858 4557 gravissimis
882 4459 1114 4563 praegressis
1137 4455 1345 4550 laboribus,
1370 4457 1519 4532 minimi
1542 4473 1640 4532 sunt.

220 4664 300 4730 tos.
458 4641 574 4742 ¹Inter
594 4633 737 4717 floccos
773 4637 1042 4744 particularum
1074 4638 1193 4718 oritur
1226 4637 1448 4716 vicissitudo
1483 4637 1692 4740 quaedam,
1729 4638 1820 4718 dum
1851 4645 1998 4749 aliquas

304 4791 529 4885 demittunt,
553 4789 723 4894 aliasque
749 4791 825 4868 sibi
848 4792 987 4869 iterum
1009 4811 1220 4898 apponunt.
1271 4791 1351 4870 Sed
1383 4793 1583 4872 ulteriores
1612 4819 1700 4873 mox
1729 4795 1831 4876 inter
1851 4798 1994 4882 lloecos

303 4967 433 5020 versus
458 4959 615 5022 stromm
637 4964 831 5024 externum
855 4948 1028 5026 oriuntur
1050 4949 1386 5054 metamorphosos.
