4838 6192
1207 579 1259 682 96

389 784 531 890 quales
556 783 730 890 exposui,
754 783 901 878 statim,
925 781 1061 858 morbo
1083 777 1303 858 imminente
1329 799 1367 858 et
1388 799 1494 859 motu
1519 751 1712 887 sanguinis
1737 787 1967 882 accelerato,
1992 789 2087 867 tolli.

193 967 201 986 ‘
340 918 342 928 Ι
396 917 644 1020 Substituitur
678 955 803 1014 autem
835 938 932 1014 alius
956 937 1137 1013 materiae
1168 935 1440 1014 vicissitudinis
1461 937 1608 1032 modus,
1644 943 1711 1042 qui
1744 967 1792 1016 eo
1820 961 1878 1018 est
1906 911 2065 1045 insignis
2072 981 2094 1042 ,-

369 1111 436 1172 ἰη
462 1111 654 1172 momenta
677 1093 947 1196 depositionis,
982 1091 1288 1168 commutationis
1311 1109 1350 1166 et
1379 1091 1652 1197 absorptionis,
1667 1139 1672 1148 .
1689 1121 1787 1196 quae
1810 1095 1850 1171 in
1872 1113 1972 1172 statu
1991 1123 2086 1176 sano

394 1249 603 1350 aequaliter
624 1247 879 1352 perficiuntur,
909 1271 1011 1324 nuno
1035 1245 1290 1348 irregulariter
1307 1263 1346 1320 et
1365 1247 1614 1348 inaequaliter
1637 1245 1889 1343 absolvuntur,
1917 1223 2086 1352 ethuasi

387 1401 490 1476 inter
520 1427 562 1476 se
585 1401 857 1503 disjungantur.
911 1395 1085 1476 Ceterum
1114 1399 1441 1502 metamorphoses
1471 1427 1544 1504 pro
1578 1402 1800 1477 conditione
1830 1401 2005 1496 relativa,
2040 1403 2082 1478 in

388 1579 464 1656 que
489 1555 683 1656 anagninis
696 1625 700 1636 ,
715 1554 877 1630 circulus
901 1571 941 1629 et
968 1553 1161 1656 sanguinis
1186 1553 1565 1655 parencbymatisqua
1599 1554 1750 1630 indoles
1783 1570 1823 1630 et
1851 1557 1965 1658 eopia
1998 1583 2080 1665 ver·

386 1723 540 1800 santur,
578 1707 714 1784 eodem
737 1707 856 1784 modo
883 1707 1166 1802 modificantur,
1201 1731 1246 1782 uo
1281 1707 1322 1780 in
1353 1723 1453 1780 statu
1474 1729 1582 1782 sano.
1640 1709 1691 1780 Et
1720 1733 1834 1806 quum
1866 1709 1921 1806 in
1938 1707 2081 1784 morbis

378 1860 582 1961 sauguinis
611 1839 788 1955 circulus,
822 1879 861 1938 et
890 1862 1084 1962 sanguinis
1105 1860 1486 1962 perenchymatisque
1510 1857 1659 1934 indoles
1687 1877 1725 1934 et
1749 1861 1862 1962 copia
1886 1887 2000 1961 qnam
2024 1863 2081 1938 di·
2170 1843 2177 1852 ’

385 2014 600 2090 uersissime
616 2015 826 2092 modificari
842 2031 1021 2117 possunt,
1047 2015 1161 2088 etiam
1176 2011 1531 2112 metamorphosium
1548 2011 1734 2088 redarum
1755 2014 1956 2113 quantitas,
1982 2039 2081 2116 quac

385 2165 428 2266 iu
454 2167 632 2270 organis,
655 2167 794 2244 morbo
815 2163 978 2260 affectis,
998 2181 1202 2272 parantur,
1228 2165 1411 2240 immensu
1437 2181 1506 2240 est.

293 2394 381 2466 300,
544 2361 745 2442 Potissima
768 2360 1148 2464 metamorphosim,
1175 2383 1270 2460 quus
1297 2357 1396 2450 ridi,
1422 2353 1636 2432 differentia
1659 2357 1700 2433 in
1723 2375 1822 2434 statu
1849 2358 2028 2436 morboso
2055 2385 2079 2436 a

240 2497 243 2503 ⁵
338 2517 344 2524 ’
382 2529 507 2592 motus
540 2514 690 2591 lentore
718 2533 757 2592 et
785 2515 989 2618 rapiditate
1015 2513 1173 2590 relativa
1199 2508 1459 2586 inducebatur.
1516 2511 1623 2586 Motu
1647 2511 1839 2612 sanguinis
1870 2513 2073 2616 impedito,

321 2741 326 2751 ,
380 2667 422 2742 iu
456 2666 750 2769 parenobymate
776 2668 1029 2744 secretionem
1056 2680 1116 2741 sat
1138 2663 1346 2766 perfectam
1372 2661 1558 2740 evolutam
1586 2661 1708 2740 ridi·
1736 2663 1821 2738 Tali
1852 2665 1987 2762 modo,
2020 2669 2078 2742 in.

378 2817 634 2895 danmatione
657 2815 839 2896 morbose
852 2837 1061 2920 regnante,¹
1074 2840 1098 2894 a
1113 2845 1189 2921 qua
1211 2841 1313 2910 rasa,
1337 2815 1492 2914 vulneri
1504 2817 1689 2919 proxima,
1714 2815 1840 2892 deleta
1865 2835 1904 2893 et
1926 2798 2072 2897 insulae

345 3011 348 3020 2
378 2969 575 3080 sauguinis
606 2969 800 3074 dispersas
818 2987 976 3074 paratae
992 2972 1112 3065 sum,
1147 2969 1259 3048 riruli
1281 2968 1387 3072 paris
1409 2985 1625 3046 nuscuntur.
1679 2969 1792 3070 Quod
1817 2971 1919 3048 cirea
1941 2972 2074 3052 vulmu
2138 3027 2148 3042 .

378 3123 419 3198 in
443 3123 756 3226 parenohymate,
779 3120 959 3197 morbose
982 3121 1133 3216 affecto,
1158 3133 1250 3226 pus,
1275 3145 1349 3196 nec
1371 3119 1475 3194 aliud
1491 3119 1786 3223 pseudopluama
1808 3124 2070 3226 progignatur,
2155 3205 2159 3212 ,

381 3299 428 3350 ex
456 3275 650 3375 sanguinis
679 3291 718 3350 et
740 3273 1045 3377 purenchymutis
1069 3273 1202 3348 indole
1224 3273 1393 3378 peudme
1417 3272 1577 3348 ridetur.
1640 3274 1682 3348 Si
1706 3277 2012 3380 parsncby‘mstis
2036 3301 2078 3358 at

297 3431 301 3438 ’
380 3427 577 3529 sanguinis
613 3427 765 3504 indoles
797 3425 982 3530 peculiari
1008 3424 1128 3500 modo
1154 3451 1178 3502 a
1206 3423 1343 3503 morbo
1371 3431 1597 3519 matur'ettrr,
1631 3425 1747 3502 etiarn
1777 3428 1855 3504 aliu
1887 3430 2092 3544 diversis

253 3605 256 3614 ·
378 3581 474 3669 simu
499 3578 830 3683 psendoplasmatu
852 3580 955 3681 gigni
976 3605 1110 3683 posse,
1141 3580 1280 3674 eredo,
1312 3605 1412 3682 queue
1432 3558 1555 3656 indoli
1576 3580 1771 3678 sauguinis
1796 3599 1835 3658 et
1857 3587 2066 3692 pareocby·

347 3733 489 3808 matis
525 3731 725 3834 specificae
750 3733 1106 3835 corresponderent.
1170 3733 1280 3806 'l'aliu
1312 3731 1353 3806 iu
1381 3731 1738 3808 inflammationibus
1766 3735 1954 3838 specificis
1991 3739 2073 3818 ieri

378 3883 573 3981 ridentur,
601 3911 691 3960 uam
716 3883 767 3960 ab
791 3884 923 3960 indole
948 3883 1162 3986 sanguinis,
1196 3883 1248 3958 er
1265 3909 1348 3988 [quo
1376 3854 1591 3960 rudimenta
1614 3903 1846 3964 semstomrn
1872 3891 2080 3994 deponor-⁴

378 4051 459 4124 tur,
483 4053 525 4112 et
543 4035 595 4152 ub
611 4035 741 4112 indole
755 4037 1081 4141 pareucbymatis,
1112 4038 1152 4112 in
1172 4063 1252 4152 quo
1269 4021 1498 4132 iomauw,
1524 4003 1757 4116 moratorum
1777 4040 1895 4118 rirtns
1910 4043 2068 4147 pendet.

292 4245 378 4314 381·
543 4219 678 4318 Longe
699 4213 813 4294 alium
840 4218 1023 4292 materiae
1047 4216 1372 4318 metamorphoses
1398 4195 1655 4292 ebaraote'rem
1680 4217 1861 4314 induunt,
1888 4221 1922 4298 si
1942 4205 2103 4302 motus'
2180 4245 2187 4256 ‘

333 4420 336 4428 .
377 4339 573 4470 sanguinis
608 4395 654 4446 ex
678 4367 814 4445 morbo
846 4368 1098 4464 acceleratus,
1133 4385 1173 4443 et
1199 4369 1456 4474 perenchyma
1482 4369 1595 4446 simul
1628 4389 1809 4475 mutuam
1844 4391 1903 4452 aas
1939 4376 2069 4475 (mbo

345 4491 349 4498 ’
378 4521 481 4598 onim
502 4519 615 4596 tamn
635 4545 784 4626 temps
805 4520 982 4624 nemu)

288 4714 379 4785 5⁸2·
540 4699 744 4802 Depositio
769 4725 819 4776 er
835 4701 1019 4802 sangnine
1046 4703 1157 4804 quasi
1172 4701 1343 4806 pulsibus
1359 4703 1582 4809 interruptis
1607 4689 1645 4780 et
1666 4703 1930 4807 inaequalibus
1955 4709 2068 4814 perd·
2225 4767 2231 4774 .

378 4853 485 4934 abur..
519 4846 725 4932 'Globulus
755 4855 884 4959 ipsos,
903 4878 941 4942 ¹a
961 4851 1098 4934 morbo
1127 4854 1233 4960 plus,
1263 4856 1390 4934 minus
1420 4875 1602 4952 mutatos,
1637 4860 1790 4936 erasis
1825 4861 2070 4966 copilluribus
