4848 6194
1092 659 1099 686 .
1228 605 1275 688 ⁵9

837 795 1142 902 Vulnera,
1190 817 1311 912 qua
1342 764 1667 911 'inflexum

313 1015 401 1082 252.
569 989 740 1074 Stadium
764 965 1045 1096 suppurationis
1071 993 1111 1065 in
1136 989 1351 1070 vulneribus
1376 991 1463 1070 loco
1491 991 1603 1070 stadii
1629 994 1813 1072 coctionis
1841 1007 1908 1070 est.

901 1365 1345 1490 Inflantur
1404 1294 1598 1451 αἶίἰ.

227 1533 233 1540 ’
316 1579 405 1644 253.
479 1569 486 1582 “
572 1557 616 1633 Si
640 1557 780 1634 animal
805 1586 849 1636 ex
873 1559 1013 1636 iniluru
1030 1561 1206 1666 quodam,
1232 1583 1345 1664 qnam
1360 1560 1583 1652 memoravi,
1611 1558 1787 1633 damnum
1803 1559 1922 1660 majus
1939 1559 2093 1662 ceperit,

404 1712 730 1814 metamorphoses
754 1714 1173 1816 inmantxgraviseimae.
1248 1719 1385 1792 Totum
1410 1713 1603 1814 sanguinis
1630 1729 1794 1814 systema
1818 1709 1992 1786 affectum
2019 1729 2094 1806 est3

406 1881 532 1942 motus
544 1868 739 1969 sanguinis
756 1870 999 1965 acceleratus,
1010 1895 1174 1972 vasaque
1186 1868 1731 1972 semtensa,p1emmquever0
1744 1864 1822 1965 jam
1840 1861 2097 1976 circa-undam

406 1995 617 2120 parciorem
642 2021 798 2100 dilatata
823 2045 929 2118 sunt3
955 2025 1147 2127 sanguinis
1172 2024 1332 2126 qualitas
1359 2037 1594 2096 mutataesse
1609 2018 1768 2096 ridetur.
1817 2021 1943 2095 Motus
1957 2021 2098 2096 coctio·¹

405 2175 466 2248 nis
493 2193 618 2250 cutem
640 2202 735 2279 prae
761 2182 898 2257 ceteris
922 2199 1054 2284 petere
1079 2179 1235 2271 videtur,
1262 2204 1359 2279 quac
1385 2175 1551 2254 colorem
1566 2172 1775 2251 normalem
1799 2173 1937 2248 laetum
1964 2167 2097 2278 deper-

406 2326 484 2420 dit,
523 2346 562 2402 et
584 2355 697 2405 muco
724 2332 873 2433 impuro
896 2333 1088 2435 frequenti
1112 2332 1311 2432 obtegitur.
1376 2329 1579 2406 Ulcuscala
1602 2326 1680 2405 vidi
1704 2342 1797 2404 orta.
1857 2327 2002 2401 Eximio
2032 2353 2099 2430 pa·

403 2498 534 2556 rantur
548 2481 618 2560 sub
631 2481 708 2560 boc
722 2502 820 2561 statu
845 2485 886 2559 in
908 2485 1076 2562 cobitide
1097 2485 1236 2578 ulcera,
1267 2499 1393 2558 cutem
1419 2479 1675 2586 depascentia,
1700 2497 1969 2582 quaemortcnr
1989 2503 2098 2583 prae·

405 2631 556 2711 cedunt.
606 2639 650 2712 In
676 2597 816 2739 genere
841 2639 882 2746 in
907 2637 1131 2724 animalibus
1158 2637 1402 2714 inferioribus
1419 2655 1542 2714 motus
1565 2634 1689 2712 critici
1714 2659 1842 2712 versus
1869 2655 1991 2712 cutem
2008 2663 2098 2714 con·

401 2787 566 2886 tingunt,
594 2807 632 2864 et
655 2794 813 2867 materia
836 2791 1015 2867 morbosa
1040 2791 1094 2865 ibi
1120 2790 1334 2894 deponitur.
1383 2756 1508 2866 Ranas
1523 2791 1760 2892 aspbycticas
1775 2789 1855 2864 iieri
1873 2789 1964 2884 vidi,
1989 2817 2097 2893 quaa,

406 2937 654 3020 circulatione
678 2945 803 3022 adbuc
827 2963 1034 3051 perstante,
1059 2971 1149 3022 cara
1171 2944 1352 3046 singulari
1377 2943 1565 3020 advitam
1589 2939 1878 3022 reducebantur.

1150 3148 1363 3169 m

680 3313 1149 3407 Phaenomenorum
1188 3310 1483 3440 differentia
1514 3307 1570 3399 in
1601 3307 1824 3402 cobitide.
1909 3409 1913 3420 ,

314 3519 405 3586 234·
570 3510 743 3586 Stadium
768 3510 955 3587 coctionis
982 3510 1022 3582 in
1048 3507 1217 3586 cobitide
1242 3509 1320 3584 cito
1348 3525 1388 3581 et
1410 3507 1527 3584 modo
1551 3507 1714 3610 simplici
1740 3509 1945 3588 absolvitur
1951 3541 1964 3608 3
2009 3539 2096 3588 nam

403 3665 437 3741 si
463 3659 616 3738 affectio
654 3683 734 3738 non
770 3663 848 3738 cito
885 3661 1121 3737 exterminari
1154 3677 1302 3765 potest,
1347 3660 1486 3735 animal
1519 3660 1687 3763 moritur.
1737 3661 1834 3738 Ideo
1858 3663 2093 3742 confusionis

402 3835 598 3894 momento
621 3817 700 3892 cito
724 3835 901 3922 peracto,
940 3815 1074 3891 turbae
1099 3841 1226 3890 versus
1251 3816 1389 3908 locum,
1415 3815 1539 3916 primo
1562 3831 1724 3906 tactum,
1759 3817 2036 3920 restringuntur
2060 3838 2097 3893 et

402 3971 630 4071 judicantur.
681 3973 766 4045 Nec
792 3969 944 4044 affectio
969 3970 1098 4073 topica
1123 3993 1190 4045 seu
1216 3968 1382 4060 vulnera,
1408 3993 1507 4069 quae
1531 3967 1621 4040 inde
1647 3967 1828 4062 oriuntur,
1860 3972 1985 4071 grevia
2011 3999 2095 4050 csso

406 4121 552 4216 solent3
606 4148 696 4195 nam
734 4149 846 4224 pars,
892 4123 1076 4197 intensius
1117 4121 1241 4216 laesa,
1288 4122 1366 4198 cito
1407 4120 1559 4196 necrosi
1599 4119 1835 4224 relinquitur.
1910 4129 1972 4198 ln.
1997 4127 2097 4202 cobi-

404 4273 486 4348 tide
519 4274 690 4350 necrosis
713 4274 1018 4376 frequentissima
1043 4293 1124 4376 cst,
1140 4303 1255 4378 quum
1279 4278 1320 4352 in
1344 4302 1437 4350 rana
1461 4293 1594 4349 natura
1617 4291 1764 4379 partem
1780 4293 1857 4349 tam
1879 4276 1954 4352 levi
1979 4304 2096 4384 opera

405 4431 518 4506 morti
543 4455 621 4504 non
645 4428 838 4530 relinquit,
864 4430 932 4529 sed
958 4430 1167 4507 intensiora
1191 4431 1471 4536 suppurationis
1498 4427 1750 4504 conaminain
1773 4429 1875 4505 illam
1899 4431 2094 4536 impendit.

315 4591 402 4656 235.
567 4581 757 4685 Exemplis
781 4601 879 4660 ator.
932 4587 977 4658 In
1003 4585 1172 4661 cobitide
1192 4587 1312 4664 levior
1323 4585 1521 4662 Alcobolis
1544 4609 1612 4660 sca
1627 4583 1803 4660 Aetheris
1817 4587 1919 4663 actio
1933 4591 2094 4683 necrosi,

340 4717 353 4726 ⁸
404 4735 488 4838 plus
513 4737 637 4811 minus
663 4752 829 4830 extensa,
852 4739 928 4838 jam
949 4739 1080 4857 stipari
1103 4740 1218 4834 solct3
1256 4741 1407 4817 necrosi
1431 4766 1523 4818 vero
1546 4739 1697 4844 partiali
1723 4766 1801 4816 non
1826 4695 1905 4816 cito
1929 4741 2092 4835 inducta,

405 4889 543 4962 animal
568 4890 735 4966 moritur.
789 4894 833 4963 ln
859 4891 1085 4966 animalibus
1111 4892 1354 4968 inferioribus
1378 4896 1612 4994 organismos·
1636 4894 1725 4969 sorti
1750 4895 1954 4970 reaotionis
1980 4923 2093 4974 cene·

1453 5037 1477 5106 8
1502 5022 1525 5068 Ι
