4800 6194
967 565 990 602 4

1209 611 1258 678 20

385 801 522 886 Subito
549 804 690 908 ubique
725 829 768 879 cr
799 829 901 895 vase,
937 802 1082 879 vulneri
1108 804 1257 895 vicino,
1285 803 1395 905 quasi
1419 821 1590 898 resecto,
1617 803 1761 904 globuli
1787 809 1957 886 adfluunt
1983 817 2085 890 etin

381 959 655 1060 paraschyma.
679 957 947 1051 deflectuntur,
994 959 1125 1058 quod,
1169 959 1280 1032 sicuti
1318 975 1490 1050 mmcns,
1528 983 1669 1059 aggere
1709 981 1842 1066 rupto,
1887 967 2083 1048 inundant.
2119 943 2139 1046 Δ.

379 1113 583 1213 Sanguinis
609 1115 721 1216 copia
746 1131 935 1206 emanata,
960 1113 1048 1194 foas
1082 1115 1219 1200 iterum
1261 1111 1462 1206 claudicat,
1490 1129 1532 1238 at
1562 1115 1669 1208 rami,
1696 1118 1941 1196 evacuatione
1967 1121 2079 1224 ¹forte

305 1349 313 1367 .
380 1269 519 1344 inserti
531 1322 542 1362 ,
574 1241 793 1374 pristinum¹
814 1287 1045 1376 recuperant
1090 1269 1300 1362 memsam,
1362 1269 1548 1370 Sanguis,
1599 1271 1667 1370 qni
1706 1272 1747 1348 in
1785 1277 2081 1379 pareuuhymate
2155 1363 2158 1372 ,
2193 1253 2196 1260 ’

343 1440 516 1508 ,restm
544 1449 710 1502 massam
744 1423 897 1498 exhibet
930 1424 1038 1526 plus,
1072 1425 1197 1503 minus
1237 1442 1447 1519 extensam,
1480 1423 1594 1526 ⁸lactej
1616 1423 1787 1522 rubram,
1822 1427 2081 1534 circumscrip-

367 1593 475 1688 tesu,
502 1603 616 1680 quam
642 1563 835 1682 sanguinis
860 1579 1005 1660 insulso
1026 1579 1182 1656 nomine
1206 1579 1375 1662 salutari.
1729 1569 1731 1572 ⁵
1769 1549 1773 1564 „

318 1783 379 1862 95.
546 1763 590 1836 si
617 1761 787 1856 canales,
815 1765 856 1838 in
894 1791 990 1866 quos
1018 1764 1186 1855 innunt,
1219 1760 1381 1861 globulis
1414 1763 1626 1839 retinendis
1660 1763 1784 1840 adbuc
1815 1783 1907 1840 sunt
1936 1791 2075 1868 parea,

377 1915 529 2017 sanguis
554 1918 754 2018 propulsus
779 1875 940 1996 formam
981 1921 1202 1995 columellae
1236 1916 1439 1992 certiorem
1471 1917 1604 1992 induit.
1656 1915 1907 2011 Columellas,
1938 1921 1995 1996 uti
2019 1923 2077 1994 in·

320 2146 323 2156 ,
377 2068 482 2142 amaa
506 2069 676 2172 pulsibus
701 2071 923 2172 fernientum
950 2101 1038 2149 nam
1063 2073 1189 2149 subito
1216 2073 1364 2181 irruunt
1386 2069 1550 2171 globuli,
1574 2087 1625 2164 et,
1649 2071 1693 2145 iu
1718 2071 1889 2146 canalem
1914 2071 2070 2166 intrusi,

350 2221 677 2302 'oscillationibus
701 2227 849 2328 aliquot
869 2231 1052 2333 peractis,
1080 2229 1280 2332 quiescunt
1305 2242 1343 2300 ct
1367 2241 1554 2325 stagnant.

312 2433 372 2512 94,
541 2407 691 2482 insulae
720 2394 765 2484 et¹
784 2409 1005 2486 columellae
1030 2410 1191 2510 sparsim
1215 2425 1256 2484 et
1276 2405 1496 2506 singulatim
1518 2401 1779 2502 effunduntur,
1805 2431 1893 2480 nam
1916 2405 2068 2508 primas,
2117 2419 2122 2424 “

295 2587 300 2598 ’
379 2556 421 2628 in
446 2577 639 2636 momento
665 2564 804 2664 quictis
831 2563 984 2638 sublino
1008 2562 1124 2643 stadii
1148 2562 1288 2662 prioris
1313 2561 1391 2660 jam
1414 2557 1613 2652 formatae,
1641 2558 1795 2634 ultimae
1820 2557 1937 2660 longo
1958 2561 2071 2635 iuter·

374 2709 474 2787 vallo
511 2714 665 2790 tandem
696 2737 921 2819 sequnntur,
964 2717 1091 2794 donec
1126 2741 1270 2804 omncs,
1294 2713 1482 2810 excultae,
1517 2711 1643 2816 amplo
1677 2713 1811 2790 rulnus
1846 2732 1884 2790 et
1912 2733 2071 2790 amatum

223 2959 226 2964 Ι
348 2853 562 2942 ‘internum
587 2869 880 2948 cbctmtsidaant
905 2871 1025 2973 cyclo.

293 3028 369 3143 Ι95.
534 3049 619 3124 Neo
641 3054 922 3154 parauebyma,
958 3053 1045 3125 dnm
1070 3048 1159 3126 rasa
1184 3051 1279 3124 tales
1303 3049 1468 3124 subeunt
1493 3050 1839 3150 metamorphoscs,
1866 3049 1968 3124 iners
1993 3067 2063 3144 est,

249 3215 252 3222 '
330 3285 335 3290 η
370 3195 443 3273 scil
482 3216 607 3300 turget
645 3222 686 3277 et
724 3207 883 3304 opacius
922 3205 988 3298 fit,
1031 3221 1074 3278 ut
1112 3201 1410 3301 pelluciditatem
1450 3203 1602 3300 saepius
1642 3202 1723 3276 iere
1768 3203 1914 3303 perdat
1977 3203 2066 3304 an

369 3349 432 3468 lit,¹
457 3369 500 3427 ut
521 3371 681 3430 atratum
714 3375 928 3450 externum,
964 3359 1147 3458 sanguine
1181 3373 1380 3457 stagnante
1413 3355 1531 3430 multo
1559 3355 2064 3458 obrumm,pagenel1ymate

369 3523 557 3602 opacata,
595 3508 707 3586 oculo
749 3511 884 3592 inermi
924 3529 1120 3612 turgorcm
1152 3528 1190 3586 et
1213 3509 1438 3586 rubedinem
1464 3509 1638 3584 exhibeat
1661 3503 1860 3609 insignem.
1901 3509 2066 3584 Stratum

367 3642 458 3731 r'ero
480 3657 669 3734 internum
688 3662 859 3756 liberum,
884 3665 1113 3762 pellucidum
1130 3631 1170 3738 et
1195 3663 1405 3764 aequabile,
1431 3663 1531 3738 bone
1555 3663 1603 3738 ab
1630 3673 1784 3738 citer-no
1812 3659 1949 3754 differt,
1973 3685 2065 3760 prae

370 3812 505 3886 ceteris
526 3811 570 3884 iu
595 3813 811 3892 vulneribus
837 3817 1064 3912 levioribus,
1094 3816 1230 3918 quibus
1257 3841 1380 3914 pauca
1403 3833 1513 3890 erant
1538 3807 1662 3890 deleta
1687 3839 1790 3891 vasa.
1843 3821 1886 3888 In
1911 3815 1970 3890 his
1996 3843 2063 3890 eo·

366 3963 540 4039 lamellae
563 3985 603 4040 et
628 3967 773 4044 insulae
797 3941 962 4046 rariores
983 3972 1213 4071 marginibus
1227 3967 1402 4069 gaudent,
1420 3995 1549 4045 emaus
1562 3987 1721 4045 mamm
1748 3971 1938 4044 internum
1955 3971 2064 4046 valde

368 4121 673 4224 circumscriptis.
710 4127 937 4201 Gratiarum
961 4135 1070 4202 vero'
1090 4126 1285 4201 vulnerum
1324 4124 1468 4198 insulae
1500 4121 1780 4226 frequentiores
1812 4141 1853 4197 et
1882 4125 2063 4199 columel-

367 4274 426 4348 lae
450 4277 574 4352 minus
600 4297 687 4352 snut
712 4281 1031 4378 circumscriptae,
1051 4251 1246 4398 magisque
1269 4303 1358 4354 enm
1382 4295 1502 4354 strato
1528 4279 1679 4352 interno
1705 4279 1841 4378 majori
1866 4276 2061 4353 coniluen·
2111 4281 2118 4292 '

364 4445 437 4502 tas.
487 4435 531 4506 ln
566 4431 782 4508 vulneribus
814 4432 1020 4508 levioribus
1064 4433 1176 4507 etiam
1210 4459 1300 4508 rasa
1331 4434 1430 4506 inter
1465 4450 1586 4508 stases
1620 4433 1669 4506 acl
1706 4432 1912 4532 marginem
1937 4457 2057 4532 usquc

366 4583 475 4659 atrati
497 4586 638 4662 interni
664 4603 912 4686 proserpunt,
940 4584 1028 4660 dam
1052 4585 1092 4662 in
1115 4585 1353 4686 gravioribus
1377 4585 1492 4686 longe
1518 4585 1566 4660 ab
1592 4585 1657 4662 illo
1684 4587 1835 4662 dbtant

302 4805 363 4900 qo.
446 4821 450 4834 ·
527 4795 716 4870 Vesorum
741 4791 1077 4894 metamor-pinosus,
1101 4819 1202 4894 quae
1233 4793 1304 4868 snb
1337 4793 1574 4870 confusionis
1607 4811 1800 4870 momento
1829 4791 2057 4884 excoluntur,

364 4941 451 4996 eum
476 4917 534 5016 iis,
560 4945 658 5025 quae
684 4920 921 4996 sanationem
943 4921 1187 5024 praecedunt,
1213 4923 1442 5024 comparari.
