4838 6192
1076 562 1126 642 Γ
1203 606 1272 670 raa

380 793 682 872 inflammationis
705 793 900 866 morbosae
932 793 1141 888 placantur,
1177 795 1225 867 et¹
1246 794 1372 867 eodem
1409 795 1554 882 ordine,
1595 819 1640 898 ao
1675 802 1871 874 avulnere
1898 803 1936 874 iu
1961 813 2083 900 partes

378 952 623 1046 periphericas
658 947 974 1046 expandebantum
1003 946 1240 1021 reducuntur.
1295 949 1391 1022 Tum
1425 951 1470 1020 ad
1496 957 1695 1050 marginem
1722 959 1986 1062 stratiinterni
2011 980 2085 1029 ma·
2105 981 2121 1010 ·

293 1198 296 1206 δ
379 1111 469 1177 teria
496 1106 645 1200 plastica
672 1100 872 1176 secernitur
899 1109 936 1174 et
962 1101 1174 1195 adponitur;
1200 1100 1238 1172 in
1266 1113 1377 1176 strato
1399 1114 1548 1178 externo
1575 1129 1661 1179 vero
1687 1105 1922 1210 inflammatio
1948 1131 2080 1184 muana
2149 1127 2151 1132 '

376 1266 537 1355 paratur.
596 1259 715 1329 Stases
749 1260 925 1352 pristinae
954 1258 1070 1347 magis
1114 1255 1478 1344 circumscribuntur,
1514 1259 1702 1332 laetiorem
1737 1264 1895 1336 induunt
1929 1263 2081 1351 faeiem,

376 1417 569 1508 novaeque*
594 1412 665 1483 illis
699 1411 902 1496 adduntur,
944 1431 1036 1507 quas
1062 1419 1205 1508 atergo
1238 1415 1464 1484 emittuntur.
1500 1413 1843 1515 ‹Columellae,(d)
1876 1425 1913 1492 et
1940 1419 2079 1492 insulae
2172 1509 2174 1518 y

376 1563 435 1663 (a)
465 1573 520 1637 sat
547 1565 754 1676 frequentes
787 1570 826 1637 in
857 1565 927 1636 hoe
960 1537 1110 1636 vulnere
1138 1569 1254 1660 magis
1289 1587 1456 1678 sparsae,
1492 1567 1771 1665 irregulariores
1805 1578 1842 1642 et
1868 1569 2079 1665 pallidiores

373 1727 480 1804 sunt,
507 1739 616 1815 quam
641 1724 678 1789 in
702 1721 851 1792 vulnere
876 1721 1002 1792 leviori
1027 1723 1162 1806 incis03
1187 1741 1257 1792 neo
1282 1725 1384 1791 strati
1409 1724 1543 1792 intonat
1570 1729 1607 1793 et
1630 1729 1769 1794 externi
1795 1700 1979 1820 margines
2004 1733 2079 1796 tam

372 1857 477 1946 facile
505 1875 765 1972 distinguntur,
831 1873 970 1945 Arteria
999 1867 1056 1972 (a)
1083 1874 1241 1970 globulis
1266 1879 1400 1946 iterum
1426 1875 1578 1970 gaudet,
1619 1883 1656 1948 et
1681 1884 1795 1949 atases
1819 1877 1994 1972 quasdam
2019 1870 2079 1975 (o)
2111 1828 2112 1836 ἵ

369 2031 580 2124 percutiens
595 2029 723 2136 circuli
736 2029 948 2099 restituendi
958 2050 1133 2100 conamen
1146 2029 1231 2100 edit.
1268 2030 1338 2101 Sed
1349 2053 1444 2116 vasa,
1470 2030 1757 2114 astasiliberata,
1786 2024 1842 2129 (a)
1854 2033 2079 2130 perlongum

369 2163 517 2279 tempus
539 2183 787 2255 dilatationem
803 2188 838 2252 et
857 2183 1112 2256 relaxationem
1132 2187 1311 2280 insignem
1331 2191 1485 2269 servant,
1515 2207 1623 2280 quam
1639 2186 1735 2256 lente
1754 2183 1953 2278 deponunt.
1985 2183 2078 2256 Vasa

86 2331 92 2350 ‘
234 2405 239 2416 Ι
371 2355 466 2409 nova
492 2337 657 2420 nondum
683 2331 766 2410 sunt
779 2335 955 2418 formata,
981 2337 1045 2406 sed
1070 2340 1110 2406 in
1137 2335 1217 2408 loeo
1246 2330 1297 2431 (f)
1324 2357 1409 2408 mox
1433 2338 1585 2418 illorum
1610 2335 1813 2410 rudimenta
1840 2335 2077 2430 apparebunt.

154 2519 260 2618 rig.
288 2513 351 2596 or·
954 2514 1059 2601 Ta
1088 2511 1115 2599 b
1147 2539 1182 2600 ιι
1211 2513 1231 2600 l
1261 2540 1297 2601 a
1360 2513 1493 2605 VIII.

531 2659 619 2732 Pais
654 2656 883 2731 membranae
919 2643 1117 2730 natatoriae
1150 2683 1280 2768 ranae,¹
1329 2655 1433 2755 cujus
1468 2655 1679 2756 superficies
1723 2659 1826 2732 abido
1860 2660 2075 2754 sulphuried

365 2815 492 2904 leviter
525 2812 641 2898 deleta
659 2819 731 2884 est.
783 2773 957 2886 Versatur
990 2815 1029 2882 in
1064 2812 1181 2889 stadio
1217 2811 1460 2887 confusionis.
1516 2815 1677 2886 Asteriae
1714 2779 1772 2906 (a)¹
1806 2821 1843 2884 et
1867 2835 1980 2886 renas
2005 2806 2071 2911 (b)

366 2967 465 3040 unda
491 2969 641 3038 minima
671 2973 707 3038 et
730 2966 856 3060 rapida
881 2975 953 3051 est;
978 2971 1133 3059 parietes
1159 2989 1244 3038 vero
1271 2967 1417 3038 illarum
1444 2965 1583 3040 dilatati
1610 2950 1707 3040 sunt.
1732 2967 1827 3040 Vasa
1874 2969 2077 3062 capillaria,

373 3139 466 3216 quse
499 3126 654 3192 stratum
686 3115 917 3190 membranae
951 3121 1118 3210 superius
1152 3117 1397 3211 occupabant,
1433 3117 1479 3191 ab
1504 3123 1645 3192 actione
1667 3120 1764 3192 acidi
1790 3125 1945 3194 extincta
1970 3129 2075 3212 suut3

286 3355 290 3366 ,
365 3269 538 3347 inferiora
575 3292 660 3343 vero
686 3292 706 3340 a
734 3268 890 3364 globulis
917 3273 1008 3342 raris
1035 3267 1159 3362 rapide
1185 3269 1303 3350 adbuc
1326 3279 1602 3366 percurruntur.
1662 3251 1908 3370 Parenohpma
1933 3275 2074 3350 modice
2148 3317 2151 3324 ·

365 3431 500 3510 tumet,
545 3431 580 3496 et
608 3423 758 3496 maculis
786 3425 893 3492 variis
923 3429 1048 3494 scatet.

134 3542 137 3551 f
179 3581 258 3678 Fig.
288 3574 349 3657 68.
531 3576 621 3649 Pars
647 3575 772 3648 eadem
796 3579 835 3645 in
862 3575 980 3648 stadio
1007 3559 1289 3671 suppurationis.
1343 3577 1582 3672 Suppuratio,
1618 3573 1808 3658 affectione
1831 3580 1987 3667 leviore,
2010 3605 2072 3677 pa·
2175 3579 2178 3584 ’

365 3741 452 3808 'rum
482 3740 549 3812 est,
569 3730 726 3812 exculta,
768 3751 836 3800 nec
860 3730 908 3800 ad
934 3731 1134 3802 rivulorum
1162 3738 1379 3806 eximiorum
1397 3731 1658 3806 ‘formationem
1684 3755 1800 3830 usque
1824 3735 2070 3832 progreditur.

369 3889 585 3961 Flocoorum
609 3882 819 3956 vicissitudo
846 3847 990 3978 regnat,
1028 3889 1091 3978 qui
1127 3890 1282 3980 sparsim
1309 3886 1415 3974 etiem
1440 3889 1478 3956 in
1504 3889 1699 3958 interstitia
1725 3894 1761 3959 et
1785 3887 1922 3960 rivulos
1949 3847 2079 3960 erani-
2105 3847 2108 3854 y

371 4043 437 4114 dos
463 4041 696 4136 colliguntur.
741 4035 903 4110 arteriae
931 4035 983 4130 (a)
1011 4059 1114 4132 pars,
1140 4061 1233 4134 quae
1258 4043 1296 4110 in
1324 4046 1436 4112 strato
1461 4046 1687 4134 supputante
1711 4061 1775 4114 seu
1799 4044 1943 4116 interno
1965 4035 2071 4137 jacet,

371 4201 542 4294 evacuata
567 4199 621 4264 est
655 4211 773 4285 usque
810 4189 857 4260 ad
891 4213 1044 4262 ramum.
1067 4173 1381 4265 anastomoticum.
1446 4192 1567 4266 Venae
1615 4215 1698 4287 pars
1738 4187 1824 4292 (b),
1872 4197 1912 4266 iu
1955 4201 2069 4267 strato

369 4345 512 4419 interno
547 4365 710 4427 versans,
750 4347 936 4440 sanguinis
971 4343 1177 4440 particulis,
1217 4369 1310 4442 quae
1351 4347 1608 4420 vicissitudinis
1641 4343 1838 4456 doctorum
1870 4354 1955 4420 aunt
1987 4370 2069 4442 par·

297 4509 303 4520 '
368 4505 517 4594 tieipes,
557 4497 705 4592 impleta
730 4505 794 4567 est
839 4498 993 4594 Sanguis
1019 4519 1086 4592 per
1112 4521 1257 4574 ramum
1284 4507 1586 4575 anastomotioum
1614 4495 1692 4600 (c),
1725 4499 1829 4572 valde
1865 4473 2102 4584 dilatatum,¹
2200 4507 2206 4518 '

323 4682 327 4690 ·
358 4633 460 4727 motu
488 4652 668 4724 retardato
696 4649 892 4722 derivatur.
2083 4613 2085 4620 Ι

184 4825 262 4921 pig,
289 4817 350 4919 09,
459 4797 462 4800 ’
538 4804 627 4876 Pars
648 4801 878 4876 membranae
896 4809 1092 4876 natatoriae
1105 4779 1225 4889 ranae,
1256 4827 1350 4924 qnae
1369 4806 1561 4879 Ammonia
1580 4807 1718 4904 liquida
1741 4811 1898 4878 caustica
1919 4777 2069 4877 tractata

366 4965 430 5030 est.
481 4957 656 5030 Versatur
677 4963 717 5028 in
742 4956 858 5029 stadio
883 4965 1169 5054 suppurationis.
1221 4961 1440 5055 Suppuratio
1462 4962 1555 5033 mala
1578 4971 1642 5034 est
1702 4963 1860 5033 Stratum
1884 4925 2074 5033 iateruurb'
