4800 6194
1220 583 1268 648 st

405 785 607 860 influxuum
635 783 673 854 in
699 797 864 881 systema
889 777 1137 879 sanguineum
1163 772 1264 848 actio
1291 787 1330 846 et
1354 768 1570 871 systematis
1597 749 1795 870 sanguinei
1819 773 2104 876 metamorpbo·

334 917 340 922 '
402 965 464 1018 ses
490 957 528 1012 et
552 934 696 1010 reactio
721 929 990 1032 aliquantulum
1015 929 1258 1004 illustrentur.

320 1137 399 1219 ¹49·
569 1116 856 1218 Experimenta,
881 1135 981 1214 quae
1003 1107 1168 1201 institui,
1203 1107 1245 1180 in
1271 1103 1416 1180 duabus
1448 1103 1621 1207 disposui
1655 1107 1911 1204 sectionibus,
1942 1135 2101 1212 quarum

400 1271 509 1372 prior
534 1269 618 1362 illa,
647 1295 745 1369 quae
769 1292 843 1344 nos
876 1264 925 1340 de
950 1258 1348 1364 metamorphosibus,
1382 1261 1422 1334 in
1456 1277 1659 1364 systemate
1692 1265 1902 1366 sanguineo
1930 1267 2100 1368 aprima

403 1423 583 1500 laesionis
609 1439 803 1497 momento
828 1443 948 1520 usque
974 1418 1024 1492 ad
1048 1415 1179 1492 mrbus
1206 1437 1338 1491 omnes
1355 1413 1531 1518 placatas
1566 1414 1891 1518 contingentibus,
1916 1419 2100 1498 certiores

283 1665 291 1675 ,
396 1575 560 1670 iaciunt,
589 1578 783 1678 continet:
809 1573 928 1648 altera
958 1595 1049 1648 rero
1084 1568 1341 1670 experimenta
1375 1569 1498 1664 vario,
1532 1587 1637 1646 certo
1664 1569 1800 1648 ordine
1826 1573 1925 1648 inter
1950 1597 1992 1650 se
2016 1601 2097 1652 non

396 1729 658 1822 cohaerentia,
682 1728 866 1835 explanat.

1076 1955 1417 2053 SectioI·

444 2137 716 2230 Experimento
730 2111 750 2218 ,⁸
779 2157 874 2228 quoe
901 2155 965 2206 nos
990 2133 1198 2230 systematis
1223 2132 1423 2230 sanguinei
1447 2129 1779 2226 metamorphoscs,
1803 2155 1852 2206 cx
1875 2133 2046 2210 laesionis

629 2269 816 2334 momento
842 2283 954 2355 usqrte
980 2261 1033 2332 od
1057 2262 1274 2343 turbarum,
1300 2257 1388 2331 inde
1412 2265 1604 2343 ortorum,
1638 2259 1861 2334 solutionem

1002 2392 1281 2486 contingentes,
1308 2387 1477 2464 edocent.

313 2591 392 2653 150.
559 2567 920 2672 Metamorphosium
946 2565 1157 2676 systematis
1183 2565 1381 2667 sanguinei
1406 2563 1553 2667 cyclum
1578 2563 1619 2637 in
1642 2565 1762 2666 pinna
1787 2565 1931 2641 caudae
1950 2569 2094 2674 cobiti·

352 2723 358 2734 ⁴
398 2721 453 2794 dis
479 2718 617 2819 fossilis
643 2738 682 2796 et
707 2721 745 2794 in
772 2719 991 2796 membrana
1016 2723 1205 2797 natatoria
1228 2747 1345 2799 ranae
1370 2721 1462 2798 solis
1485 2721 1692 2796 ‘observare
1715 2719 1832 2796 licuit.
1876 2721 2096 2800 Membrone

393 2875 582 2950 natatoria
604 2899 720 2950 ranae
743 2873 821 2976 jam
845 2875 963 2976 Angli
983 2853 1205 2978 Philipsius,
1231 2836 1487 2953 'I'homsonius
1510 2893 1548 2949 et
1571 2873 1809 2974 Hastingsius
1833 2876 1894 2949 usi
1917 2893 2024 2972 sunt,
2055 2895 2098 2956 ut

321 3093 325 3100 .
393 3059 566 3108 rasorum
609 3027 870 3106 conditionem
905 3030 946 3102 in
979 3027 1293 3122 inflammatione,
1336 3027 1579 3103 irritamentis
1611 3027 1724 3103 variis
1741 3029 1896 3128 ,accita,
1932 3057 2092 3134 cognos.

394 3203 493 3264 cant.
546 3183 626 3260 Sed
634 3237 647 3278 ,
671 3183 764 3258 licet
786 3207 876 3258 rera
899 3181 1066 3283 viderint
1089 3198 1128 3255 et
1151 3180 1410 3274 narraverint,
1444 3197 1588 3273 tamen,
1625 3205 1647 3252 a
1672 3185 1917 3282 praematuris
1944 3189 2094 3289 saepius

393 3340 542 3442 decepti
569 3335 897 3454 conclusionibus,
925 3337 965 3408 in
991 3335 1242 3428 assertiones,
1269 3317 1442 3435 quas-rix
1460 3333 1674 3409 concedere
1695 3334 1828 3431 velim,
1853 3359 1981 3436 rauna
2008 3344 2094 3416 Tali

393 3493 510 3568 modo
536 3488 699 3594 plurima
724 3489 772 3565 de
797 3489 974 3565 tonsione
999 3507 1037 3562 et
1058 3488 1290 3564 relaxatione
1314 3494 1498 3590 parietum
1524 3511 1711 3580 rasorum,
1737 3513 1761 3562 a
1787 3491 1921 3590 quibus
1946 3493 2090 3572 iollam.

393 3649 509 3723 matio
536 3645 774 3751 potissimum
799 3647 1069 3736 constituatur,
1100 3643 1221 3718 locuti
1254 3659 1364 3734 sunt,
1407 3659 1446 3715 et
1482 3639 1821 3718 inflammationem
1854 3649 2014 3726 activam
2057 3671 2095 3726 et

394 3789 582 3906 passivam
607 3799 698 3880 inde
724 3769 951 3874 derivarunt.
979 3796 1112 3900 Quod,
1140 3819 1216 3896 quo
1240 3795 1324 3895 jure
1347 3795 1538 3888 iacerent,
1564 3821 1643 3873 non
1669 3789 1846 3897 intellexi.
1873 3797 1964 3880 ldeo
1991 3803 2094 3882 illus·
2158 3767 2166 3776 ι

394 3959 644 4032 trissimorum
669 3953 834 4030 rirorum
861 3951 1093 4055 experientia
1116 3975 1231 4042 usus,
1266 3975 1398 4026 omnes
1424 3949 1504 4050 iugi
1530 3948 1795 4030 conclusiones
1819 3975 2091 4056 praematuras,
2118 4035 2121 4041 ,

396 4135 496 4214 quae
521 4133 613 4210 prae
639 4107 776 4184 ceteris
800 4107 1058 4210 experimento
1084 4122 1171 4179 sunt
1195 4105 1393 4197 inimicae,
1429 4122 1638 4214 etutantum
1667 4107 1784 4184 modo
1820 4109 2092 4212 descriptioni,

395 4283 586 4364 quantum,
610 4279 651 4335 ut
676 4263 716 4334 in
736 4260 989 4363 organismum
1015 4257 1203 4362 quendam
1228 4261 1483 4362 experimenta
1505 4259 1651 4361 singula
1675 4261 1906 4362 redigantur,
1932 4289 2096 4340 necesse

395 4435 471 4512 est,
499 4415 654 4508 addidi,
682 4440 818 4519 nempe
844 4413 1004 4492 formam
1029 4431 1069 4490 et
1091 4414 1247 4490 nomina
1270 4413 1388 4490 libita.

309 4629 387 4697 tst.
552 4597 912 4701 Metamorphosium
937 4595 1084 4699 cyclum
1106 4593 1351 4697 perlustrans,
1377 4595 1415 4668 in
1441 4557 1616 4695 soqaemi
1640 4594 1744 4670 illum
1769 4597 1922 4688 versari,
1950 4597 2089 4686 inveni,

393 4751 518 4829 Primo
545 4777 589 4826 er
614 4737 765 4828 actione
789 4749 948 4826 influxus
976 4751 1173 4852 cujusdam
1207 4747 1341 4827 turbae
1367 4767 1582 4850 emergunt,
1620 4774 1718 4850 quae
1746 4775 1767 4824 a
1801 4751 1888 4824 loco
1921 4751 2027 4826 laeso
2053 4751 2094 4824 in

394 4927 522 5012 partes
548 4907 693 4983 vicinas
721 4904 1000 5010 expanduntur,
1022 4923 1061 4980 et
1087 4931 1245 5008 quarum
1269 4888 1443 4980 conditio
1468 4927 1492 4976 a
1518 4902 1700 5002 qualitate
1726 4921 1765 4978 et
1800 4905 2011 5032 quantitate
2039 4906 2095 4978 in·
2139 4915 2144 4922 '
