4838 6192
1168 587 1216 656 ’25

347 797 386 854 et
407 779 615 882 parietibus
634 779 799 880 gaudent
822 802 894 880 pro
919 775 1141 852 conditione
1163 799 1232 852 sua
1257 777 1389 852 tensis.
1441 774 1520 852 Sed
1541 773 1581 848 in
1610 771 1813 848 ulteriores
1831 800 1920 850 mox
1942 772 2042 849 abri-

341 935 499 1035 piuntur
526 933 864 1034 metamorphoses.

254 1151 345 1234 292.
502 1131 689 1202 Vesorum
725 1126 960 1230 capillariam
993 1143 1116 1202 motus
1148 1122 1408 1228 perturbatur,
1440 1141 1479 1197 et
1511 1120 1661 1198 canales
1692 1121 1854 1217 undam,
1887 1127 2039 1226 pa'roius
2172 1123 2184 1134 “

340 1279 579 1374 affluentem,
606 1307 687 1356 non
709 1281 868 1382 amplius
893 1298 997 1354 arcte
1019 1281 1175 1380 cingunt
1181 1308 1195 1376 5
1222 1278 1292 1354 sed
1312 1278 1456 1352 dilatati
1473 1295 1643 1354 manent.
1693 1281 1791 1352 Tum
1809 1273 2039 1380 sanguislin'·

339 1433 551 1534 aequaliter
574 1431 828 1527 distribuitur,
862 1452 901 1509 et
921 1453 1045 1510 motus
1070 1433 1171 1536 ipse,
1197 1435 1272 1509 buc
1297 1457 1418 1534 usque
1436 1432 1611 1534 rapidus,
1653 1430 1723 1506 sed
1744 1432 1933 1533 aequalis,
1959 1452 2039 1508 tan·
2130 1470 2138 1490 =

337 1586 426 1661 dem
459 1586 723 1691 perturbatur,
769 1615 847 1689 quo
882 1587 940 1683 fit,
973 1605 1015 1663 ut
1046 1614 1136 1690 pars
1172 1588 1359 1664 canalium
1387 1583 1505 1661 modo
1541 1612 1564 1660 a
1598 1587 1782 1686 sanguine
1815 1606 2036 1706 evacuetur,

336 1742 452 1817 modo
483 1741 698 1843 impleatur,
723 1741 841 1818 modo
863 1767 1018 1844 sparsae
1043 1743 1084 1816 iu
1108 1741 1182 1818 illia
1201 1743 1425 1843 contingant
1448 1757 1587 1835 stases,
1613 1766 1712 1842 qnae
1732 1739 1930 1844 depositae
1951 1727 2045 1818 sae:

336 1895 423 1996 pius
446 1897 582 1970 iterum
605 1895 860 1997 abripiuntur,
884 1921 1006 1996 usque
1029 1893 1155 1972 donec
1175 1913 1266 1998 post
1290 1895 1435 1998 aliquot
1452 1911 1600 1998 tempus
1628 1894 1711 1970 sere
1735 1898 1866 1973 omnia
1886 1923 2033 1974 mesen-

334 2049 421 2122 terii
444 2075 532 2125 rasa
559 2051 688 2124 inania
709 2052 804 2144 sint,
832 2067 871 2124 et
893 2047 1005 2124 oculo
1027 2047 1257 2153 dispareant.

243 2278 330 2362 293,
501 2247 602 2319 Vasa
626 2243 773 2344 majora
799 2247 929 2323 turbas
950 2267 1028 2324 tam
1050 2275 1257 2353 praecoces
1286 2273 1366 2324 non
1391 2247 1586 2353 patiuntur
1592 2274 1607 2344 5
1640 2243 1711 2320 sed
1737 2246 1864 2322 undae
1889 2245 2029 2320 flumen

297 2359 484 2497 ⁸plenum
518 2416 558 2472 et
586 2365 806 2472 continuum
838 2401 976 2478 lentius
1001 2387 1253 2496 imminuitur,
1287 2419 1326 2476 et
1354 2401 1558 2504 rapiditate
1581 2398 1735 2500 quidem
1761 2399 1933 2500 aequali,
1959 2400 2030 2476 sed

329 2550 484 2651 parcius
538 2547 639 2644 fluit,
688 2554 930 2654 parietesque
978 2573 1154 2633 extensos
1194 2585 1274 2632 non
1314 2573 1418 2632 arcte
1464 2537 1603 2658 explet.
1668 2552 1788 2627 Simul
1836 2553 2031 2654 sauguinis

330 2707 448 2808 ipsius
470 2704 620 2780 indoles
643 2708 780 2780 mutari
800 2708 967 2803 ridetur,
1003 2737 1118 2812 quum
1141 2710 1285 2812 globuli
1304 2708 1495 2786 volumine
1522 2705 1640 2800 aucti,
1664 2703 1874 2799 rubriores,
1901 2724 1940 2781 et
1961 2709 2055 2781 mi··
2092 2807 2094 2811 y

327 2885 400 2932 nus
424 2859 699 2961 circumscripti
722 2858 818 2952 sint,
863 2879 901 2934 et
922 2863 1020 2938 inter
1045 2889 1089 2938 se
1116 2864 1277 2966 sparsim
1304 2860 1626 2962 conglutinantes,
1661 2885 1814 2959 grumos
1843 2857 2028 2954 forment,

328 3013 395 3112 qui
411 3037 484 3114 per
507 3011 659 3086 canales
680 3011 930 3110 trajiciuntur.
1015 3027 1019 3033 '

334 3123 341 3130 a

235 3255 323 3340 294·
490 3207 626 3282 Undae
645 3206 810 3308 parcitas
828 3225 866 3281 et
887 3208 1264 3330 rasorum‘parietum
1279 3202 1468 3310 collapsus
1488 3207 1630 3284 sensim
1645 3209 1880 3316 increscunt,
1907 3230 1946 3286 et
1964 3239 2041 3292 ac·.

324 3361 441 3454 cidit,
465 3380 508 3434 ut
532 3362 728 3462 sanguinis
757 3359 903 3452 undae,
931 3385 1030 3461 quae
1054 3361 1221 3436 medium
1240 3381 1374 3436 tenent
1394 3363 1541 3453 lumen,
1568 3361 1729 3436 celerius
1754 3361 2024 3459 detrudantur,

324 3539 437 3618 quam
467 3513 653 3588 laterales.
705 3515 865 3586 Demum
898 3541 975 3612 quo
1005 3514 1158 3615 parcior
1189 3513 1251 3607 fit,
1290 3539 1338 3588 eo
1369 3513 1489 3613 magis
1518 3514 1559 3585 in
1589 3513 1716 3586 medio
1746 3517 1851 3589 unda
1884 3518 2019 3620 rapida

323 3667 529 3766 colligitur,
556 3667 625 3760 ita,
651 3683 692 3739 ut
711 3683 904 3769 postremo
931 3692 954 3740 a
973 3663 1154 3742 lateribus
1179 3664 1262 3740 sero
1280 3665 1433 3768 penitus
1452 3665 1633 3743 recedere
1652 3669 1834 3746 rideatur.
1891 3673 1934 3746 si
1951 3672 2020 3747 sub

319 3820 396 3898 hoc
426 3837 525 3894 statu
546 3820 713 3922 parietes
735 3817 888 3894 flaceidi
911 3819 1197 3921 distorquentur
1218 3845 1285 3894 acu
1304 3819 1604 3917 contunduntur,
1630 3843 1893 3928 aneurysmata
1914 3826 2023 3905 facil·

321 3971 410 4046 lime
438 3972 691 4048 efformantur.

229 4213 314 4300 295·
482 4170 658 4242 Acumen
694 4169 854 4260 animal,
888 4169 965 4244 boc
997 4167 1133 4244 morbo
1162 4186 1355 4262 reram,
1396 4193 1468 4271 per
1497 4168 1597 4244 diam
1641 4175 1754 4249 vitam
1789 4199 2017 4252 comeum-0

316 4307 464 4421 potest,
500 4319 594 4420 quin
623 4319 750 4395 undae
774 4323 938 4424 parcitas
959 4341 998 4398 et
1024 4326 1228 4429 rapiditrs,
1267 4351 1519 4426 vasorumque
1545 4323 1732 4428 callapsus
1763 4327 2015 4430 corrigantur.

230 4529 316 4630 290,
483 4514 655 4588 Tandem
679 4541 770 4590 vcro
791 4519 922 4593 mortis
940 4518 1139 4619 prodromi
1159 4519 1368 4598 imminent.
1416 4519 1549 4598 Pulsus
1571 4521 1610 4594 in
1635 4519 1784 4595 arteriis
1799 4523 2017 4628 percipiun-

321 4685 398 4758 tur,
424 4657 548 4769 primo
572 4669 770 4769 aequales,
795 4689 887 4746 tune
913 4671 1132 4793 inaequales
1138 4697 1153 4768 ι
1179 4699 1340 4776 quornm
1370 4674 1412 4748 iu
1433 4673 1541 4766 renis
1565 4699 1615 4748 ne
1638 4673 1836 4774 vestigium
1859 4675 2013 4776 quidem

323 4818 559 4909 observatur,
594 4823 665 4896 sed
690 4823 871 4900 decursus
898 4828 1094 4928 sanguinis
1119 4826 1342 4928 inaequalia,
1374 4851 1583 4930 emergens,
1599 4827 1716 4954 'nabo
1745 4827 1886 4929 gaudet
1907 4847 2012 4934 typo.

1355 4997 1402 5060 ιο
1427 4977 1446 5016 *
