<?xml version="1.0" encoding="UTF-8"?>
<!DOCTYPE html PUBLIC "-//W3C//DTD XHTML 1.0 Transitional//EN"
    "http://www.w3.org/TR/xhtml1/DTD/xhtml1-transitional.dtd">
<html xmlns="http://www.w3.org/1999/xhtml" xml:lang="en" lang="en">
 <head>
  <title>
</title>
<meta http-equiv="Content-Type" content="text/html;charset=utf-8" />
  <meta name='ocr-system' content='tesseract 3.04.00' />
  <meta name='ocr-capabilities' content='ocr_page ocr_carea ocr_par ocr_line ocrx_word'/>
</head>
<body>
  <div class='ocr_page' id='page_1' title='image "./experimentacirc00kaltgoog_0035.png"; bbox 0 0 4800 6194; ppageno 0'>
   <div class='ocr_carea' id='block_1_1' title="bbox 1199 578 1249 648">
    <p class='ocr_par' dir='ltr' id='par_1_1' title="bbox 1199 578 1249 648">
     <span class='ocr_line' id='line_1_1' title="bbox 1199 578 1249 648; baseline 0 0"><span class='ocrx_word' id='word_1_1' title='bbox 1199 578 1249 648; x_wconf 81' lang='lat' dir='ltr'><em>tt</em></span> 
     </span>
    </p>
   </div>
   <div class='ocr_carea' id='block_1_2' title="bbox 202 769 2072 1078">
    <p class='ocr_par' dir='ltr' id='par_1_2' title="bbox 202 749 2072 1078">
     <span class='ocr_line' id='line_1_2' title="bbox 582 769 1948 898; baseline -0.001 -29"><span class='ocrx_word' id='word_1_2' title='bbox 582 774 633 898; x_wconf 83' lang='lat' dir='ltr'><em>h)</em></span> <span class='ocrx_word' id='word_1_3' title='bbox 662 779 751 868; x_wconf 90' lang='lat' dir='ltr'><em>De</em></span> <span class='ocrx_word' id='word_1_4' title='bbox 784 769 1186 886; x_wconf 75' lang='lat' dir='ltr'><em>depositione</em></span> <span class='ocrx_word' id='word_1_5' title='bbox 1214 771 1507 888; x_wconf 77' lang='lat' dir='ltr'><em>lymphae</em></span> <span class='ocrx_word' id='word_1_6' title='bbox 1531 774 1862 888; x_wconf 79' lang='lat' dir='ltr'><em>plasticae.</em></span> <span class='ocrx_word' id='word_1_7' title='bbox 1944 781 1948 790; x_wconf 87' lang='lat'><em>&#39;</em></span> 
     </span>
     <span class='ocr_line' id='line_1_3' title="bbox 202 965 2072 1078; baseline -0.001 -24"><span class='ocrx_word' id='word_1_8' title='bbox 202 965 207 980; x_wconf 50' lang='lat'><em>⁶</em></span> <span class='ocrx_word' id='word_1_9' title='bbox 273 981 363 1054; x_wconf 74' lang='lat' dir='ltr'><em>loo·</em></span> <span class='ocrx_word' id='word_1_10' title='bbox 539 977 654 1054; x_wconf 86' lang='lat' dir='ltr'><em>Motu</em></span> <span class='ocrx_word' id='word_1_11' title='bbox 678 972 946 1078; x_wconf 88' lang='lat' dir='ltr'><em>suppuratorio</em></span> <span class='ocrx_word' id='word_1_12' title='bbox 983 972 1149 1050; x_wconf 85' lang='lat' dir='ltr'><em>extincto</em></span> <span class='ocrx_word' id='word_1_13' title='bbox 1182 989 1221 1048; x_wconf 88' lang='lat' dir='ltr'><em>et</em></span> <span class='ocrx_word' id='word_1_14' title='bbox 1242 989 1360 1048; x_wconf 82' lang='lat' dir='ltr'><em>strato</em></span> <span class='ocrx_word' id='word_1_15' title='bbox 1383 971 1535 1048; x_wconf 89' lang='lat' dir='ltr'><em>interno</em></span> <span class='ocrx_word' id='word_1_16' title='bbox 1554 971 1749 1075; x_wconf 87' lang='lat' dir='ltr'><em>depurata,</em></span> <span class='ocrx_word' id='word_1_17' title='bbox 1776 971 1933 1051; x_wconf 86' lang='lat' dir='ltr'><em>materia</em></span> <span class='ocrx_word' id='word_1_18' title='bbox 1956 999 2072 1078; x_wconf 85' lang='lat' dir='ltr'><em>quse·</em></span> 
     </span>
    </p>
   </div>
   <div class='ocr_carea' id='block_1_3' title="bbox 371 1126 2072 1234">
    <p class='ocr_par' dir='ltr' id='par_1_3' title="bbox 371 1126 2072 1234">
     <span class='ocr_line' id='line_1_4' title="bbox 371 1126 2072 1234; baseline -0.002 -24"><span class='ocrx_word' id='word_1_19' title='bbox 371 1130 459 1212; x_wconf 78' lang='lat' dir='ltr'><em>dam</em></span> <span class='ocrx_word' id='word_1_20' title='bbox 483 1129 534 1208; x_wconf 85' lang='lat' dir='ltr'><em>ed</em></span> <span class='ocrx_word' id='word_1_21' title='bbox 559 1130 724 1208; x_wconf 72' lang='lat' dir='ltr'><em>vulneris</em></span> <span class='ocrx_word' id='word_1_22' title='bbox 751 1130 953 1232; x_wconf 80' lang='lat' dir='ltr'><em>margines,</em></span> <span class='ocrx_word' id='word_1_23' title='bbox 981 1152 1077 1229; x_wconf 90' lang='lat' dir='ltr'><em>quos</em></span> <span class='ocrx_word' id='word_1_24' title='bbox 1103 1126 1312 1228; x_wconf 87' lang='lat' dir='ltr'><em>aequaliter</em></span> <span class='ocrx_word' id='word_1_25' title='bbox 1346 1129 1476 1230; x_wconf 83' lang='lat' dir='ltr'><em>cingit,</em></span> <span class='ocrx_word' id='word_1_26' title='bbox 1514 1127 1736 1228; x_wconf 83' lang='lat' dir='ltr'><em>deponitur,</em></span> <span class='ocrx_word' id='word_1_27' title='bbox 1763 1155 1861 1230; x_wconf 87' lang='lat' dir='ltr'><em>quae</em></span> <span class='ocrx_word' id='word_1_28' title='bbox 1895 1129 2072 1234; x_wconf 80' lang='lat' dir='ltr'><strong>lymphae</strong></span> 
     </span>
    </p>
   </div>
   <div class='ocr_carea' id='block_1_4' title="bbox 283 1263 1803 1388">
    <p class='ocr_par' dir='ltr' id='par_1_4' title="bbox 283 1263 1803 1388">
     <span class='ocr_line' id='line_1_5' title="bbox 283 1263 1803 1388; baseline 0.001 -26"><span class='ocrx_word' id='word_1_29' title='bbox 283 1263 287 1270; x_wconf 38' lang='grc'><strong>’</strong></span> <span class='ocrx_word' id='word_1_30' title='bbox 370 1278 527 1370; x_wconf 84' lang='lat' dir='ltr'><em>nomina</em></span> <span class='ocrx_word' id='word_1_31' title='bbox 553 1286 709 1362; x_wconf 83' lang='lat' dir='ltr'><em>salutari</em></span> <span class='ocrx_word' id='word_1_32' title='bbox 735 1286 844 1380; x_wconf 88' lang='lat' dir='ltr'><em>solet,</em></span> <span class='ocrx_word' id='word_1_33' title='bbox 869 1285 975 1386; x_wconf 85' lang='lat' dir='ltr'><em>cujus</em></span> <span class='ocrx_word' id='word_1_34' title='bbox 1000 1309 1092 1359; x_wconf 82' lang='lat' dir='ltr'><em>vero</em></span> <span class='ocrx_word' id='word_1_35' title='bbox 1116 1300 1251 1358; x_wconf 87' lang='lat' dir='ltr'><em>natura</em></span> <span class='ocrx_word' id='word_1_36' title='bbox 1278 1281 1501 1360; x_wconf 83' lang='lat' dir='ltr'><em>difficillima</em></span> <span class='ocrx_word' id='word_1_37' title='bbox 1527 1301 1584 1359; x_wconf 87' lang='lat' dir='ltr'><em>est</em></span> <span class='ocrx_word' id='word_1_38' title='bbox 1609 1286 1803 1388; x_wconf 77' lang='lat' dir='ltr'><em>indagatu.</em></span> 
     </span>
    </p>
   </div>
   <div class='ocr_carea' id='block_1_5' title="bbox 284 1457 2073 1724">
    <p class='ocr_par' dir='ltr' id='par_1_5' title="bbox 284 1457 2073 1724">
     <span class='ocr_line' id='line_1_6' title="bbox 284 1457 2071 1565; baseline 0.001 -25"><span class='ocrx_word' id='word_1_39' title='bbox 284 1457 380 1540; x_wconf 82' lang='lat' dir='ltr'><em>tot..</em></span> <span class='ocrx_word' id='word_1_40' title='bbox 535 1465 670 1542; x_wconf 84' lang='lat' dir='ltr'><em>Fluida</em></span> <span class='ocrx_word' id='word_1_41' title='bbox 697 1483 735 1540; x_wconf 87' lang='lat' dir='ltr'><em>et</em></span> <span class='ocrx_word' id='word_1_42' title='bbox 766 1462 1064 1565; x_wconf 87' lang='lat' dir='ltr'><em>pellucidissima</em></span> <span class='ocrx_word' id='word_1_43' title='bbox 1090 1463 1130 1538; x_wconf 91' lang='lat' dir='ltr'><em>in</em></span> <span class='ocrx_word' id='word_1_44' title='bbox 1163 1464 1275 1540; x_wconf 89' lang='lat' dir='ltr'><em>initio</em></span> <span class='ocrx_word' id='word_1_45' title='bbox 1309 1491 1392 1542; x_wconf 85' lang='lat' dir='ltr'><em>esse</em></span> <span class='ocrx_word' id='word_1_46' title='bbox 1429 1479 1468 1541; x_wconf 89' lang='lat' dir='ltr'><em>et</em></span> <span class='ocrx_word' id='word_1_47' title='bbox 1499 1464 1569 1540; x_wconf 92' lang='lat' dir='ltr'><em>suh</em></span> <span class='ocrx_word' id='word_1_48' title='bbox 1604 1463 1815 1542; x_wconf 86' lang='lat' dir='ltr'><em>floccorum</em></span> <span class='ocrx_word' id='word_1_49' title='bbox 1848 1467 2071 1542; x_wconf 88' lang='lat' dir='ltr'><em>tenerrimo·</em></span> 
     </span>
     <span class='ocr_line' id='line_1_7' title="bbox 369 1617 2073 1724; baseline 0 -30"><span class='ocrx_word' id='word_1_50' title='bbox 369 1647 452 1694; x_wconf 91' lang='lat' dir='ltr'><em>rum</em></span> <span class='ocrx_word' id='word_1_51' title='bbox 486 1619 609 1696; x_wconf 81' lang='lat' dir='ltr'><em>forma</em></span> <span class='ocrx_word' id='word_1_52' title='bbox 643 1621 785 1695; x_wconf 86' lang='lat' dir='ltr'><em>sensim</em></span> <span class='ocrx_word' id='word_1_53' title='bbox 818 1617 1050 1718; x_wconf 72' lang='lat' dir='ltr'><em>marginibus</em></span> <span class='ocrx_word' id='word_1_54' title='bbox 1082 1617 1226 1720; x_wconf 90' lang='lat' dir='ltr'><em>apponi</em></span> <span class='ocrx_word' id='word_1_55' title='bbox 1257 1619 1415 1697; x_wconf 82' lang='lat' dir='ltr'><em>videtur.</em></span> <span class='ocrx_word' id='word_1_56' title='bbox 1447 1619 1638 1694; x_wconf 84' lang='lat' dir='ltr'><em>Exsudata</em></span> <span class='ocrx_word' id='word_1_57' title='bbox 1661 1647 1778 1710; x_wconf 77' lang='lat' dir='ltr'><em>vero,</em></span> <span class='ocrx_word' id='word_1_58' title='bbox 1810 1619 1964 1724; x_wconf 83' lang='lat' dir='ltr'><strong>lympha</strong></span> <span class='ocrx_word' id='word_1_59' title='bbox 1985 1646 2073 1695; x_wconf 87' lang='lat' dir='ltr'><em>mox</em></span> 
     </span>
    </p>
   </div>
   <div class='ocr_carea' id='block_1_6' title="bbox 249 1773 2072 1876">
    <p class='ocr_par' dir='ltr' id='par_1_6' title="bbox 249 1773 2072 1876">
     <span class='ocr_line' id='line_1_8' title="bbox 249 1773 2072 1876; baseline 0 -30"><span class='ocrx_word' id='word_1_60' title='bbox 249 1795 252 1801; x_wconf 78' lang='grc'><em>“</em></span> <span class='ocrx_word' id='word_1_61' title='bbox 366 1790 534 1848; x_wconf 88' lang='lat' dir='ltr'><em>mutatur</em></span> <span class='ocrx_word' id='word_1_62' title='bbox 561 1788 624 1867; x_wconf 88' lang='lat' dir='ltr'><em>et,</em></span> <span class='ocrx_word' id='word_1_63' title='bbox 647 1774 899 1850; x_wconf 77' lang='lat' dir='ltr'><em>risciditatem</em></span> <span class='ocrx_word' id='word_1_64' title='bbox 924 1774 1348 1876; x_wconf 15' lang='lat' dir='ltr'><em>aliquem&#39;lthuirans,</em></span> <span class='ocrx_word' id='word_1_65' title='bbox 1381 1773 1524 1848; x_wconf 86' lang='lat' dir='ltr'><em>firmior</em></span> <span class='ocrx_word' id='word_1_66' title='bbox 1553 1773 1595 1848; x_wconf 86' lang='lat' dir='ltr'><em>lit</em></span> <span class='ocrx_word' id='word_1_67' title='bbox 1626 1791 1664 1848; x_wconf 88' lang='lat' dir='ltr'><em>et</em></span> <span class='ocrx_word' id='word_1_68' title='bbox 1704 1773 1851 1852; x_wconf 80' lang='lat' dir='ltr'><em>llarior.</em></span> <span class='ocrx_word' id='word_1_69' title='bbox 1902 1773 2072 1876; x_wconf 79' lang='lat' dir='ltr'><strong>Lympha</strong></span> 
     </span>
    </p>
   </div>
   <div class='ocr_carea' id='block_1_7' title="bbox 366 1903 2292 2036">
    <p class='ocr_par' dir='ltr' id='par_1_7' title="bbox 366 1903 2292 2036">
     <span class='ocr_line' id='line_1_9' title="bbox 366 1903 2292 2036; baseline 0.001 -36"><span class='ocrx_word' id='word_1_70' title='bbox 366 1913 511 2030; x_wconf 74' lang='lat' dir='ltr'><em>iirmior</em></span> <span class='ocrx_word' id='word_1_71' title='bbox 534 1927 823 2030; x_wconf 86' lang='lat' dir='ltr'><em>parenehymati</em></span> <span class='ocrx_word' id='word_1_72' title='bbox 848 1930 904 2004; x_wconf 90' lang='lat' dir='ltr'><em>sic</em></span> <span class='ocrx_word' id='word_1_73' title='bbox 931 1931 1159 2024; x_wconf 77' lang='lat' dir='ltr'><em>adnascitur,</em></span> <span class='ocrx_word' id='word_1_74' title='bbox 1182 1948 1225 2005; x_wconf 93' lang='lat' dir='ltr'><em>ut</em></span> <span class='ocrx_word' id='word_1_75' title='bbox 1251 1928 1298 2004; x_wconf 88' lang='lat' dir='ltr'><em>ab</em></span> <span class='ocrx_word' id='word_1_76' title='bbox 1325 1928 1392 2004; x_wconf 91' lang='lat' dir='ltr'><em>illo</em></span> <span class='ocrx_word' id='word_1_77' title='bbox 1420 1955 1501 2003; x_wconf 91' lang='lat' dir='ltr'><em>non</em></span> <span class='ocrx_word' id='word_1_78' title='bbox 1525 1903 1684 2036; x_wconf 87' lang='lat' dir='ltr'><em>amplius</em></span> <span class='ocrx_word' id='word_1_79' title='bbox 1716 1927 1898 2028; x_wconf 87' lang='lat' dir='ltr'><em>distingui</em></span> <span class='ocrx_word' id='word_1_80' title='bbox 1933 1928 2066 2028; x_wconf 87' lang='lat' dir='ltr'><em>possit.</em></span> <span class='ocrx_word' id='word_1_81' title='bbox 2148 2015 2152 2023; x_wconf 92' lang='lat'><em>.</em></span> <span class='ocrx_word' id='word_1_82' title='bbox 2288 1959 2292 1966; x_wconf 95' lang='lat'>·</span> 
     </span>
    </p>
   </div>
   <div class='ocr_carea' id='block_1_8' title="bbox 371 2081 2070 2342">
    <p class='ocr_par' dir='ltr' id='par_1_8' title="bbox 371 2081 2070 2342">
     <span class='ocr_line' id='line_1_10' title="bbox 371 2081 2070 2188; baseline 0.001 -34"><span class='ocrx_word' id='word_1_83' title='bbox 371 2083 471 2156; x_wconf 86' lang='lat' dir='ltr'><em>Dum</em></span> <span class='ocrx_word' id='word_1_84' title='bbox 495 2107 587 2157; x_wconf 81' lang='lat' dir='ltr'><em>roro</em></span> <span class='ocrx_word' id='word_1_85' title='bbox 612 2081 726 2158; x_wconf 86' lang='lat' dir='ltr'><em>flocci</em></span> <span class='ocrx_word' id='word_1_86' title='bbox 744 2082 920 2187; x_wconf 82' lang='lat' dir='ltr'><em>lymphae</em></span> <span class='ocrx_word' id='word_1_87' title='bbox 936 2085 1055 2187; x_wconf 86' lang='lat' dir='ltr'><em>primi·</em></span> <span class='ocrx_word' id='word_1_88' title='bbox 1081 2084 1366 2188; x_wconf 82' lang='lat' dir='ltr'><em>perenchymati</em></span> <span class='ocrx_word' id='word_1_89' title='bbox 1390 2100 1643 2186; x_wconf 87' lang='lat' dir='ltr'><em>apponuntur,</em></span> <span class='ocrx_word' id='word_1_90' title='bbox 1676 2085 1754 2187; x_wconf 91' lang='lat' dir='ltr'><em>jam</em></span> <span class='ocrx_word' id='word_1_91' title='bbox 1776 2107 1899 2160; x_wconf 78' lang='lat' dir='ltr'><em>norae</em></span> <span class='ocrx_word' id='word_1_92' title='bbox 1925 2082 1975 2158; x_wconf 86' lang='lat' dir='ltr'><em>ad</em></span> <span class='ocrx_word' id='word_1_93' title='bbox 2009 2107 2070 2156; x_wconf 85' lang='lat' dir='ltr'><em>ex·</em></span> 
     </span>
     <span class='ocr_line' id='line_1_11' title="bbox 371 2235 2070 2342; baseline -0.001 -29"><span class='ocrx_word' id='word_1_94' title='bbox 371 2255 532 2313; x_wconf 88' lang='lat' dir='ltr'><em>tremum</em></span> <span class='ocrx_word' id='word_1_95' title='bbox 555 2237 740 2313; x_wconf 83' lang='lat' dir='ltr'><em>exsudant</em></span> <span class='ocrx_word' id='word_1_96' title='bbox 765 2239 995 2340; x_wconf 87' lang='lat' dir='ltr'><em>marginem,</em></span> <span class='ocrx_word' id='word_1_97' title='bbox 1023 2239 1089 2340; x_wconf 83' lang='lat' dir='ltr'><em>qui</em></span> <span class='ocrx_word' id='word_1_98' title='bbox 1120 2237 1247 2316; x_wconf 88' lang='lat' dir='ltr'><em>denuo</em></span> <span class='ocrx_word' id='word_1_99' title='bbox 1281 2237 1529 2333; x_wconf 87' lang='lat' dir='ltr'><em>eristallisati,</em></span> <span class='ocrx_word' id='word_1_100' title='bbox 1564 2235 1649 2314; x_wconf 86' lang='lat' dir='ltr'><em>aliis</em></span> <span class='ocrx_word' id='word_1_101' title='bbox 1681 2240 1901 2342; x_wconf 69' lang='lat' dir='ltr'><em>cingimur,</em></span> <span class='ocrx_word' id='word_1_102' title='bbox 1944 2235 2070 2313; x_wconf 86' lang='lat' dir='ltr'><em>donee</em></span> 
     </span>
    </p>
   </div>
   <div class='ocr_carea' id='block_1_9' title="bbox 369 2387 986 2494">
    <p class='ocr_par' dir='ltr' id='par_1_9' title="bbox 369 2387 986 2494">
     <span class='ocr_line' id='line_1_12' title="bbox 369 2387 986 2494; baseline 0.013 -32"><span class='ocrx_word' id='word_1_103' title='bbox 369 2387 436 2484; x_wconf 90' lang='lat' dir='ltr'><em>nil,</em></span> <span class='ocrx_word' id='word_1_104' title='bbox 463 2390 569 2490; x_wconf 87' lang='lat' dir='ltr'><em>quod</em></span> <span class='ocrx_word' id='word_1_105' title='bbox 595 2390 780 2494; x_wconf 81' lang='lat' dir='ltr'><em>expleant,</em></span> <span class='ocrx_word' id='word_1_106' title='bbox 808 2393 986 2493; x_wconf 81' lang='lat' dir='ltr'><em>supersit.</em></span> 
     </span>
    </p>
   </div>
   <div class='ocr_carea' id='block_1_10' title="bbox 275 2553 2066 2678">
    <p class='ocr_par' dir='ltr' id='par_1_10' title="bbox 275 2553 2066 2678">
     <span class='ocr_line' id='line_1_13' title="bbox 275 2553 2066 2678; baseline -0.004 -30"><span class='ocrx_word' id='word_1_107' title='bbox 275 2581 361 2648; x_wconf 82' lang='lat'><strong>¹02.</strong></span> <span class='ocrx_word' id='word_1_108' title='bbox 525 2577 570 2646; x_wconf 90' lang='lat' dir='ltr'><em>In</em></span> <span class='ocrx_word' id='word_1_109' title='bbox 596 2573 774 2649; x_wconf 87' lang='lat' dir='ltr'><em>Gohitide</em></span> <span class='ocrx_word' id='word_1_110' title='bbox 800 2589 840 2647; x_wconf 87' lang='lat' dir='ltr'><em>et</em></span> <span class='ocrx_word' id='word_1_111' title='bbox 863 2553 1109 2652; x_wconf 68' lang='lat' dir='ltr'><em>rana‘flocci</em></span> <span class='ocrx_word' id='word_1_112' title='bbox 1135 2575 1329 2652; x_wconf 86' lang='lat' dir='ltr'><em>tenerrimi</em></span> <span class='ocrx_word' id='word_1_113' title='bbox 1364 2575 1412 2654; x_wconf 88' lang='lat' dir='ltr'><em>ab</em></span> <span class='ocrx_word' id='word_1_114' title='bbox 1448 2601 1559 2678; x_wconf 88' lang='lat' dir='ltr'><em>aqua,</em></span> <span class='ocrx_word' id='word_1_115' title='bbox 1592 2575 1633 2652; x_wconf 91' lang='lat' dir='ltr'><em>in</em></span> <span class='ocrx_word' id='word_1_116' title='bbox 1666 2599 1742 2676; x_wconf 86' lang='lat' dir='ltr'><em>que</em></span> <span class='ocrx_word' id='word_1_117' title='bbox 1773 2586 1982 2658; x_wconf 80' lang='lat' dir='ltr'><em>versantur,</em></span> <span class='ocrx_word' id='word_1_118' title='bbox 2013 2566 2066 2641; x_wconf 79' lang='lat' dir='ltr'><em>se·</em></span> 
     </span>
    </p>
   </div>
   <div class='ocr_carea' id='block_1_11' title="bbox 325 2721 1794 2844">
    <p class='ocr_par' dir='ltr' id='par_1_11' title="bbox 325 2721 1794 2844">
     <span class='ocr_line' id='line_1_14' title="bbox 325 2721 1794 2844; baseline 0.003 -45"><span class='ocrx_word' id='word_1_119' title='bbox 325 2839 326 2844; x_wconf 6' lang='grc' dir='ltr'><strong>Ἰ</strong></span> <span class='ocrx_word' id='word_1_120' title='bbox 365 2721 504 2800; x_wconf 75' lang='lat' dir='ltr'><em>cillicae</em></span> <span class='ocrx_word' id='word_1_121' title='bbox 531 2725 808 2828; x_wconf 84' lang='lat' dir='ltr'><em>absterguntur,</em></span> <span class='ocrx_word' id='word_1_122' title='bbox 837 2746 875 2804; x_wconf 91' lang='lat' dir='ltr'><em>et</em></span> <span class='ocrx_word' id='word_1_123' title='bbox 898 2730 1063 2806; x_wconf 85' lang='lat' dir='ltr'><em>vulneris</em></span> <span class='ocrx_word' id='word_1_124' title='bbox 1087 2733 1277 2834; x_wconf 87' lang='lat' dir='ltr'><em>margines</em></span> <span class='ocrx_word' id='word_1_125' title='bbox 1301 2757 1452 2832; x_wconf 87' lang='lat' dir='ltr'><em>semper</em></span> <span class='ocrx_word' id='word_1_126' title='bbox 1475 2728 1794 2825; x_wconf 25' lang='lat' dir='ltr'><em>sunt-rotundati.</em></span> 
     </span>
    </p>
   </div>
   <div class='ocr_carea' id='block_1_12' title="bbox 232 2934 2125 3654">
    <p class='ocr_par' dir='ltr' id='par_1_12' title="bbox 232 2934 2125 3349">
     <span class='ocr_line' id='line_1_15' title="bbox 232 2934 2068 3044; baseline -0.001 -39"><span class='ocrx_word' id='word_1_127' title='bbox 232 2977 236 2988; x_wconf 87' lang='lat'>.</span> <span class='ocrx_word' id='word_1_128' title='bbox 276 2953 358 3020; x_wconf 76' lang='lat'><strong>103.</strong></span> <span class='ocrx_word' id='word_1_129' title='bbox 472 2999 476 3004; x_wconf 93' lang='lat'>.</span> <span class='ocrx_word' id='word_1_130' title='bbox 531 2935 576 3010; x_wconf 87' lang='lat' dir='ltr'><em>In</em></span> <span class='ocrx_word' id='word_1_131' title='bbox 600 2937 755 3013; x_wconf 89' lang='lat' dir='ltr'><em>homine</em></span> <span class='ocrx_word' id='word_1_132' title='bbox 782 2957 820 3015; x_wconf 90' lang='lat' dir='ltr'><em>et</em></span> <span class='ocrx_word' id='word_1_133' title='bbox 844 2937 1080 3034; x_wconf 87' lang='lat' dir='ltr'><em>animalibus,</em></span> <span class='ocrx_word' id='word_1_134' title='bbox 1107 2940 1292 3041; x_wconf 87' lang='lat' dir='ltr'><em>sanguine</em></span> <span class='ocrx_word' id='word_1_135' title='bbox 1332 2939 1517 3044; x_wconf 82' lang='lat' dir='ltr'><em>praeditis</em></span> <span class='ocrx_word' id='word_1_136' title='bbox 1552 2937 1691 3032; x_wconf 88' lang='lat' dir='ltr'><em>calido,</em></span> <span class='ocrx_word' id='word_1_137' title='bbox 1726 2934 1934 3026; x_wconf 84' lang='lat' dir='ltr'><em>materiam,</em></span> <span class='ocrx_word' id='word_1_138' title='bbox 1970 2951 2068 3030; x_wconf 86' lang='lat' dir='ltr'><em>quae</em></span> 
     </span>
     <span class='ocr_line' id='line_1_16' title="bbox 364 3059 2125 3194; baseline -0.003 -34"><span class='ocrx_word' id='word_1_139' title='bbox 364 3085 415 3160; x_wconf 86' lang='lat' dir='ltr'><em>ed</em></span> <span class='ocrx_word' id='word_1_140' title='bbox 438 3087 603 3164; x_wconf 82' lang='lat' dir='ltr'><em>vulneris</em></span> <span class='ocrx_word' id='word_1_141' title='bbox 628 3093 849 3192; x_wconf 86' lang='lat' dir='ltr'><em>marginem,</em></span> <span class='ocrx_word' id='word_1_142' title='bbox 876 3093 1077 3168; x_wconf 86' lang='lat' dir='ltr'><em>sanatione</em></span> <span class='ocrx_word' id='word_1_143' title='bbox 1115 3091 1353 3185; x_wconf 86' lang='lat' dir='ltr'><em>introducta,</em></span> <span class='ocrx_word' id='word_1_144' title='bbox 1380 3090 1609 3194; x_wconf 87' lang='lat' dir='ltr'><em>deponitur,</em></span> <span class='ocrx_word' id='word_1_145' title='bbox 1633 3091 1819 3193; x_wconf 87' lang='lat' dir='ltr'><em>hujusque</em></span> <span class='ocrx_word' id='word_1_146' title='bbox 1845 3087 1993 3187; x_wconf 88' lang='lat' dir='ltr'><em>signum</em></span> <span class='ocrx_word' id='word_1_147' title='bbox 2008 3099 2068 3158; x_wconf 86' lang='lat' dir='ltr'><em>est</em></span> <span class='ocrx_word' id='word_1_148' title='bbox 2116 3059 2125 3154; x_wconf 53' lang='lat' dir='ltr'>J</span> 
     </span>
     <span class='ocr_line' id='line_1_17' title="bbox 363 3241 2068 3349; baseline -0.002 -35"><span class='ocrx_word' id='word_1_149' title='bbox 363 3255 517 3334; x_wconf 82' lang='lat' dir='ltr'><em>eertum,</em></span> <span class='ocrx_word' id='word_1_150' title='bbox 544 3241 719 3346; x_wconf 87' lang='lat' dir='ltr'><em>lymphae</em></span> <span class='ocrx_word' id='word_1_151' title='bbox 735 3243 824 3322; x_wconf 85' lang='lat' dir='ltr'><em>huic</em></span> <span class='ocrx_word' id='word_1_152' title='bbox 848 3246 1048 3346; x_wconf 81' lang='lat' dir='ltr'><em>analogum</em></span> <span class='ocrx_word' id='word_1_153' title='bbox 1065 3271 1158 3322; x_wconf 73' lang='lat' dir='ltr'><em>‚esse</em></span> <span class='ocrx_word' id='word_1_154' title='bbox 1184 3243 1314 3323; x_wconf 87' lang='lat' dir='ltr'><em>credo.</em></span> <span class='ocrx_word' id='word_1_155' title='bbox 1348 3247 1418 3320; x_wconf 87' lang='lat' dir='ltr'><em>Est</em></span> <span class='ocrx_word' id='word_1_156' title='bbox 1440 3245 1542 3320; x_wconf 86' lang='lat' dir='ltr'><em>clara</em></span> <span class='ocrx_word' id='word_1_157' title='bbox 1554 3300 1566 3339; x_wconf 93' lang='lat'><em>,</em></span> <span class='ocrx_word' id='word_1_158' title='bbox 1589 3243 1799 3349; x_wconf 86' lang='lat' dir='ltr'><em>pellucida,</em></span> <span class='ocrx_word' id='word_1_159' title='bbox 1836 3241 1977 3317; x_wconf 81' lang='lat' dir='ltr'><em>flarens</em></span> <span class='ocrx_word' id='word_1_160' title='bbox 2006 3247 2068 3330; x_wconf 89' lang='lat' dir='ltr'><em>et,</em></span> 
     </span>
    </p>

    <p class='ocr_par' dir='ltr' id='par_1_13' title="bbox 293 3367 2066 3654">
     <span class='ocr_line' id='line_1_18' title="bbox 293 3367 2066 3518; baseline -0.001 -51"><span class='ocrx_word' id='word_1_161' title='bbox 293 3451 297 3460; x_wconf 90' lang='lat'><em>.</em></span> <span class='ocrx_word' id='word_1_162' title='bbox 363 3395 463 3468; x_wconf 72' lang='lat' dir='ltr'><em>airis</em></span> <span class='ocrx_word' id='word_1_163' title='bbox 492 3393 632 3470; x_wconf 77' lang='lat' dir='ltr'><em>influxu</em></span> <span class='ocrx_word' id='word_1_164' title='bbox 661 3398 847 3500; x_wconf 84' lang='lat' dir='ltr'><em>exposita,</em></span> <span class='ocrx_word' id='word_1_165' title='bbox 882 3367 1134 3475; x_wconf 81' lang='lat' dir='ltr'><em>visciditatem</em></span> <span class='ocrx_word' id='word_1_166' title='bbox 1171 3391 1364 3473; x_wconf 81' lang='lat' dir='ltr'><em>contrahit</em></span> <span class='ocrx_word' id='word_1_167' title='bbox 1388 3397 1594 3500; x_wconf 87' lang='lat' dir='ltr'><em>insignem,</em></span> <span class='ocrx_word' id='word_1_168' title='bbox 1621 3418 1661 3474; x_wconf 87' lang='lat' dir='ltr'><em>et</em></span> <span class='ocrx_word' id='word_1_169' title='bbox 1692 3399 1879 3518; x_wconf 71' lang='lat' dir='ltr'><em>exsiccata</em></span> <span class='ocrx_word' id='word_1_170' title='bbox 1916 3396 1956 3468; x_wconf 91' lang='lat' dir='ltr'><em>in</em></span> <span class='ocrx_word' id='word_1_171' title='bbox 1982 3412 2066 3468; x_wconf 82' lang='lat' dir='ltr'><em>eru·</em></span> 
     </span>
     <span class='ocr_line' id='line_1_19' title="bbox 363 3547 2066 3654; baseline -0.001 -32"><span class='ocrx_word' id='word_1_172' title='bbox 363 3563 441 3622; x_wconf 86' lang='lat' dir='ltr'><em>stas</em></span> <span class='ocrx_word' id='word_1_173' title='bbox 477 3547 642 3649; x_wconf 85' lang='lat' dir='ltr'><em>denique</em></span> <span class='ocrx_word' id='word_1_174' title='bbox 677 3549 768 3627; x_wconf 83' lang='lat' dir='ltr'><em>abit.</em></span> <span class='ocrx_word' id='word_1_175' title='bbox 816 3553 960 3628; x_wconf 87' lang='lat' dir='ltr'><em>Pariter</em></span> <span class='ocrx_word' id='word_1_176' title='bbox 998 3551 1194 3627; x_wconf 86' lang='lat' dir='ltr'><em>materiem</em></span> <span class='ocrx_word' id='word_1_177' title='bbox 1230 3551 1342 3646; x_wconf 88' lang='lat' dir='ltr'><em>illam,</em></span> <span class='ocrx_word' id='word_1_178' title='bbox 1369 3577 1468 3654; x_wconf 83' lang='lat' dir='ltr'><em>qttae</em></span> <span class='ocrx_word' id='word_1_179' title='bbox 1496 3555 1546 3630; x_wconf 88' lang='lat' dir='ltr'><em>ad</em></span> <span class='ocrx_word' id='word_1_180' title='bbox 1569 3555 1774 3646; x_wconf 79' lang='lat' dir='ltr'><em>vulnerum,</em></span> <span class='ocrx_word' id='word_1_181' title='bbox 1810 3574 1902 3626; x_wconf 85' lang='lat' dir='ltr'><em>sane</em></span> <span class='ocrx_word' id='word_1_182' title='bbox 1928 3571 2066 3650; x_wconf 88' lang='lat' dir='ltr'><em>granu·</em></span> 
     </span>
    </p>
   </div>
   <div class='ocr_carea' id='block_1_13' title="bbox 365 3688 2066 3808">
    <p class='ocr_par' dir='ltr' id='par_1_14' title="bbox 365 3688 2066 3808">
     <span class='ocr_line' id='line_1_20' title="bbox 365 3688 2066 3808; baseline 0 -34"><span class='ocrx_word' id='word_1_183' title='bbox 365 3699 535 3796; x_wconf 85' lang='lat' dir='ltr'><em>lantiam,</em></span> <span class='ocrx_word' id='word_1_184' title='bbox 562 3705 798 3807; x_wconf 86' lang='lat' dir='ltr'><em>superficiem</em></span> <span class='ocrx_word' id='word_1_185' title='bbox 822 3705 1035 3798; x_wconf 83' lang='lat' dir='ltr'><em>exsudetur,</em></span> <span class='ocrx_word' id='word_1_186' title='bbox 1069 3723 1108 3780; x_wconf 93' lang='lat' dir='ltr'><em>et</em></span> <span class='ocrx_word' id='word_1_187' title='bbox 1123 3731 1221 3806; x_wconf 88' lang='lat' dir='ltr'><em>quae</em></span> <span class='ocrx_word' id='word_1_188' title='bbox 1244 3732 1317 3808; x_wconf 91' lang='lat' dir='ltr'><em>pro</em></span> <span class='ocrx_word' id='word_1_189' title='bbox 1341 3731 1437 3806; x_wconf 90' lang='lat' dir='ltr'><em>pure</em></span> <span class='ocrx_word' id='word_1_190' title='bbox 1460 3705 1566 3784; x_wconf 88' lang='lat' dir='ltr'><em>hono</em></span> <span class='ocrx_word' id='word_1_191' title='bbox 1591 3709 1724 3786; x_wconf 82' lang='lat' dir='ltr'><em>haberi</em></span> <span class='ocrx_word' id='word_1_192' title='bbox 1748 3688 1869 3800; x_wconf 79' lang='lat' dir='ltr'><em>solet,</em></span> <span class='ocrx_word' id='word_1_193' title='bbox 1911 3703 2066 3778; x_wconf 87' lang='lat' dir='ltr'><em>minime</em></span> 
     </span>
    </p>
   </div>
   <div class='ocr_carea' id='block_1_14' title="bbox 238 3833 1353 3964">
    <p class='ocr_par' dir='ltr' id='par_1_15' title="bbox 238 3833 1353 3964">
     <span class='ocr_line' id='line_1_21' title="bbox 238 3833 1353 3964; baseline 0.009 -37"><span class='ocrx_word' id='word_1_194' title='bbox 238 3872 242 3878; x_wconf 88' lang='grc'><em>·</em></span> <span class='ocrx_word' id='word_1_195' title='bbox 365 3878 449 3964; x_wconf 86' lang='lat' dir='ltr'><em>pus,</em></span> <span class='ocrx_word' id='word_1_196' title='bbox 470 3857 541 3932; x_wconf 86' lang='lat' dir='ltr'><em>sed</em></span> <span class='ocrx_word' id='word_1_197' title='bbox 562 3833 753 3960; x_wconf 84' lang='lat' dir='ltr'><em>lympham</em></span> <span class='ocrx_word' id='word_1_198' title='bbox 777 3860 977 3964; x_wconf 87' lang='lat' dir='ltr'><em>plasticam</em></span> <span class='ocrx_word' id='word_1_199' title='bbox 996 3887 1092 3955; x_wconf 88' lang='lat' dir='ltr'><em>esse,</em></span> <span class='ocrx_word' id='word_1_200' title='bbox 1118 3879 1223 3960; x_wconf 91' lang='lat' dir='ltr'><em>puto.</em></span> <span class='ocrx_word' id='word_1_201' title='bbox 1347 3879 1353 3882; x_wconf 84' lang='grc'><em>“</em></span> 
     </span>
    </p>
   </div>
   <div class='ocr_carea' id='block_1_15' title="bbox 284 4065 2065 4688">
    <p class='ocr_par' dir='ltr' id='par_1_16' title="bbox 284 4065 2065 4333">
     <span class='ocr_line' id='line_1_22' title="bbox 284 4065 2063 4172; baseline -0.002 -29"><span class='ocrx_word' id='word_1_202' title='bbox 284 4079 364 4143; x_wconf 81' lang='lat'><strong>¹04·</strong></span> <span class='ocrx_word' id='word_1_203' title='bbox 529 4065 603 4142; x_wconf 90' lang='lat' dir='ltr'><em>Pus</em></span> <span class='ocrx_word' id='word_1_204' title='bbox 630 4085 669 4143; x_wconf 87' lang='lat' dir='ltr'><em>et</em></span> <span class='ocrx_word' id='word_1_205' title='bbox 691 4068 845 4172; x_wconf 84' lang='lat' dir='ltr'><em>lympha</em></span> <span class='ocrx_word' id='word_1_206' title='bbox 869 4068 1031 4169; x_wconf 87' lang='lat' dir='ltr'><em>plastica</em></span> <span class='ocrx_word' id='word_1_207' title='bbox 1053 4068 1163 4145; x_wconf 81' lang='lat' dir='ltr'><em>valde</em></span> <span class='ocrx_word' id='word_1_208' title='bbox 1188 4071 1540 4148; x_wconf 84' lang='lat' dir='ltr'><em>interseooniundi</em></span> <span class='ocrx_word' id='word_1_209' title='bbox 1565 4072 1710 4170; x_wconf 70' lang='lat' dir='ltr'><em>solenty</em></span> <span class='ocrx_word' id='word_1_210' title='bbox 1736 4068 1805 4146; x_wconf 90' lang='lat' dir='ltr'><em>sed</em></span> <span class='ocrx_word' id='word_1_211' title='bbox 1831 4068 1966 4146; x_wconf 89' lang='lat' dir='ltr'><em>eodem</em></span> <span class='ocrx_word' id='word_1_212' title='bbox 1991 4065 2063 4142; x_wconf 81' lang='lat' dir='ltr'><em>dit·</em></span> 
     </span>
     <span class='ocr_line' id='line_1_23' title="bbox 366 4215 2065 4333; baseline 0.003 -43"><span class='ocrx_word' id='word_1_213' title='bbox 366 4215 501 4310; x_wconf 67' lang='lat' dir='ltr'><em>ierunt,</em></span> <span class='ocrx_word' id='word_1_214' title='bbox 542 4221 642 4297; x_wconf 90' lang='lat' dir='ltr'><em>inter</em></span> <span class='ocrx_word' id='word_1_215' title='bbox 686 4249 728 4300; x_wconf 87' lang='lat' dir='ltr'><em>se</em></span> <span class='ocrx_word' id='word_1_216' title='bbox 772 4223 889 4298; x_wconf 89' lang='lat' dir='ltr'><em>modo</em></span> <span class='ocrx_word' id='word_1_217' title='bbox 937 4224 1097 4325; x_wconf 87' lang='lat' dir='ltr'><em>insigni,</em></span> <span class='ocrx_word' id='word_1_218' title='bbox 1145 4250 1221 4325; x_wconf 91' lang='lat' dir='ltr'><em>quo</em></span> <span class='ocrx_word' id='word_1_219' title='bbox 1257 4226 1501 4303; x_wconf 85' lang='lat' dir='ltr'><em>inflammatio</em></span> <span class='ocrx_word' id='word_1_220' title='bbox 1546 4226 1811 4333; x_wconf 70' lang='lat' dir='ltr'><em>suppuratoriis</em></span> <span class='ocrx_word' id='word_1_221' title='bbox 1849 4251 1872 4300; x_wconf 87' lang='lat' dir='ltr'><em>a</em></span> <span class='ocrx_word' id='word_1_222' title='bbox 1908 4239 2065 4298; x_wconf 85' lang='lat' dir='ltr'><em>sanante</em></span> 
     </span>
    </p>

    <p class='ocr_par' dir='ltr' id='par_1_17' title="bbox 377 4365 2065 4688">
     <span class='ocr_line' id='line_1_24' title="bbox 377 4365 1041 4453; baseline 0.006 -3"><span class='ocrx_word' id='word_1_223' title='bbox 377 4370 554 4453; x_wconf 73' lang='lat' dir='ltr'><em>differt&#39;</em></span> <span class='ocrx_word' id='word_1_224' title='bbox 642 4425 647 4430; x_wconf 95' lang='lat'>-</span> <span class='ocrx_word' id='word_1_225' title='bbox 1039 4365 1041 4368; x_wconf 33' lang='lat'>⁵</span> 
     </span>
     <span class='ocr_line' id='line_1_25' title="bbox 536 4580 2065 4688; baseline 0.004 -32"><span class='ocrx_word' id='word_1_226' title='bbox 536 4583 610 4658; x_wconf 90' lang='lat' dir='ltr'><em>Pus</em></span> <span class='ocrx_word' id='word_1_227' title='bbox 637 4599 676 4660; x_wconf 86' lang='lat' dir='ltr'><em>et</em></span> <span class='ocrx_word' id='word_1_228' title='bbox 698 4580 851 4688; x_wconf 86' lang='lat' dir='ltr'><em>lympha</em></span> <span class='ocrx_word' id='word_1_229' title='bbox 876 4601 1074 4660; x_wconf 88' lang='lat' dir='ltr'><em>transeunt</em></span> <span class='ocrx_word' id='word_1_230' title='bbox 1097 4585 1250 4686; x_wconf 87' lang='lat' dir='ltr'><em>quidem</em></span> <span class='ocrx_word' id='word_1_231' title='bbox 1275 4588 1374 4664; x_wconf 89' lang='lat' dir='ltr'><em>inter</em></span> <span class='ocrx_word' id='word_1_232' title='bbox 1398 4614 1452 4682; x_wconf 90' lang='lat' dir='ltr'><em>se,</em></span> <span class='ocrx_word' id='word_1_233' title='bbox 1479 4588 1548 4666; x_wconf 84' lang='lat' dir='ltr'><em>sed</em></span> <span class='ocrx_word' id='word_1_234' title='bbox 1573 4615 1615 4664; x_wconf 90' lang='lat' dir='ltr'><em>se</em></span> <span class='ocrx_word' id='word_1_235' title='bbox 1642 4589 1803 4666; x_wconf 78' lang='lat' dir='ltr'><em>invicem</em></span> <span class='ocrx_word' id='word_1_236' title='bbox 1844 4586 2065 4683; x_wconf 77' lang='lat' dir='ltr'><em>excludunt,</em></span> 
     </span>
    </p>
   </div>
   <div class='ocr_carea' id='block_1_16' title="bbox 299 4737 2065 4846">
    <p class='ocr_par' dir='ltr' id='par_1_18' title="bbox 299 4737 2065 4846">
     <span class='ocr_line' id='line_1_26' title="bbox 299 4737 2065 4846; baseline 0.003 -36"><span class='ocrx_word' id='word_1_237' title='bbox 299 4757 306 4774; x_wconf 82' lang='grc'><em>·</em></span> <span class='ocrx_word' id='word_1_238' title='bbox 371 4761 461 4810; x_wconf 88' lang='lat' dir='ltr'><em>nam</em></span> <span class='ocrx_word' id='word_1_239' title='bbox 485 4737 597 4812; x_wconf 82' lang='lat' dir='ltr'><em>sicuti</em></span> <span class='ocrx_word' id='word_1_240' title='bbox 631 4763 703 4841; x_wconf 88' lang='lat' dir='ltr'><em>pus</em></span> <span class='ocrx_word' id='word_1_241' title='bbox 738 4739 788 4813; x_wconf 87' lang='lat' dir='ltr'><em>ed</em></span> <span class='ocrx_word' id='word_1_242' title='bbox 819 4739 978 4814; x_wconf 83' lang='lat' dir='ltr'><em>stadium</em></span> <span class='ocrx_word' id='word_1_243' title='bbox 1004 4743 1302 4844; x_wconf 85' lang='lat' dir='ltr'><em>suppurationis,</em></span> <span class='ocrx_word' id='word_1_244' title='bbox 1340 4743 1393 4817; x_wconf 88' lang='lat' dir='ltr'><em>ita</em></span> <span class='ocrx_word' id='word_1_245' title='bbox 1423 4742 1576 4846; x_wconf 91' lang='lat' dir='ltr'><em>lympha</em></span> <span class='ocrx_word' id='word_1_246' title='bbox 1607 4743 1657 4818; x_wconf 88' lang='lat' dir='ltr'><em>ad</em></span> <span class='ocrx_word' id='word_1_247' title='bbox 1698 4744 1859 4821; x_wconf 88' lang='lat' dir='ltr'><em>stadium</em></span> <span class='ocrx_word' id='word_1_248' title='bbox 1900 4743 2065 4822; x_wconf 86' lang='lat' dir='ltr'><em>sanatio·</em></span> 
     </span>
    </p>
   </div>
   <div class='ocr_carea' id='block_1_17' title="bbox 323 4891 2064 4994">
    <p class='ocr_par' dir='ltr' id='par_1_19' title="bbox 323 4891 2064 4994">
     <span class='ocr_line' id='line_1_27' title="bbox 323 4891 2064 4994; baseline 0.008 -32"><span class='ocrx_word' id='word_1_249' title='bbox 323 4906 329 4931; x_wconf 67' lang='lat'>²</span> <span class='ocrx_word' id='word_1_250' title='bbox 374 4891 435 4965; x_wconf 87' lang='lat' dir='ltr'><em>nis</em></span> <span class='ocrx_word' id='word_1_251' title='bbox 467 4892 634 4994; x_wconf 82' lang='lat' dir='ltr'><em>pertinet</em></span> <span class='ocrx_word' id='word_1_252' title='bbox 646 4945 658 4985; x_wconf 95' lang='lat'><em>,</em></span> <span class='ocrx_word' id='word_1_253' title='bbox 700 4908 740 4967; x_wconf 89' lang='lat' dir='ltr'><em>et</em></span> <span class='ocrx_word' id='word_1_254' title='bbox 780 4891 894 4967; x_wconf 83' lang='lat' dir='ltr'><em>ambo</em></span> <span class='ocrx_word' id='word_1_255' title='bbox 935 4893 1006 4968; x_wconf 90' lang='lat' dir='ltr'><em>sub</em></span> <span class='ocrx_word' id='word_1_256' title='bbox 1048 4895 1335 4972; x_wconf 88' lang='lat' dir='ltr'><em>conditionibus</em></span> <span class='ocrx_word' id='word_1_257' title='bbox 1366 4912 1448 4971; x_wconf 85' lang='lat' dir='ltr'><em>tcto</em></span> <span class='ocrx_word' id='word_1_258' title='bbox 1486 4895 1597 4973; x_wconf 89' lang='lat' dir='ltr'><em>coelo</em></span> <span class='ocrx_word' id='word_1_259' title='bbox 1634 4899 1793 4974; x_wconf 82' lang='lat' dir='ltr'><em>dirersis</em></span> <span class='ocrx_word' id='word_1_260' title='bbox 1835 4901 2064 4976; x_wconf 81' lang='lat' dir='ltr'><em>ereolrmtur.</em></span> 
     </span>
    </p>
   </div>
   <div class='ocr_carea' id='block_1_18' title="bbox 0 0 2404 6194">
    <p class='ocr_par' dir='ltr' id='par_1_20' title="bbox 0 0 2404 6194">
     <span class='ocr_line' id='line_1_28' title="bbox 0 0 2404 6194; baseline 0 2"><span class='ocrx_word' id='word_1_261' title='bbox 0 0 2404 6194; x_wconf 95' lang='lat' dir='ltr'><em> </em></span> 
     </span>
    </p>
   </div>
  </div>
 </body>
</html>
