4838 6192
1240 564 1375 630 'ta‘

400 754 495 858 ,seri
524 755 638 858 eopia
672 754 789 830 cincti
816 771 917 831 sunt.
967 752 1200 854 Marginibus
1225 751 1388 826 maxime
1418 734 1723 851 oneumscriptis.
1745 752 1897 850 quidem
1927 751 2112 854 gandent,
2215 837 2222 848 ,

418 908 489 984 sed
502 908 688 1008 ¹facillime
703 906 802 982 inter
823 933 865 983 se
885 907 1135 1008 conglutinari
1152 927 1266 1008 posse
1287 904 1473 982 videntur.
1528 897 1683 979 Globuli
1705 919 1795 978 r'ero
1815 911 2020 1008 sanguinis,
2048 916 2116 1014 qui

419 1061 461 1136 in
481 1062 588 1137 renis
613 1079 718 1155 sunt,
743 1063 868 1134 minus
894 1061 1012 1153 laete,
1039 1059 1109 1134 sed
1127 1060 1311 1134 intensius
1329 1059 1461 1150 tincti,
1494 1060 1623 1159 potius
1648 1051 1835 1132 tumentes
1863 1057 1971 1160 (nom
2002 1068 2139 1148 etiam,

419 1214 623 1289 voluminis
649 1214 922 1288 incrementum
948 1215 1150 1315 ceperunt)
1175 1231 1213 1286 et
1237 1211 1374 1314 majori
1398 1211 1474 1286 seri
1507 1203 1689 1313 pellucidi
1723 1213 1835 1312 copia
1865 1217 1982 1292 cincti
2008 1241 2107 1304 sinit.

419 1367 653 1467 Merginibus
678 1367 802 1442 minus
825 1366 1121 1466 circumscriptis
1144 1364 1325 1465 gaudent,
1361 1382 1526 1440 auamen
1551 1364 1674 1436 minus
1700 1360 1800 1438 inter
1819 1393 1860 1440 se
1889 1372 2114 1480 agglutinari
2146 1423 2156 1446 ι

420 1538 559 1596 amant.
595 1523 698 1594 ,Hae
719 1519 1064 1620 metamorphoses,
1098 1545 1193 1620 quas
1218 1521 1389 1620 sanguis,
1414 1517 1466 1594 'ut
1486 1543 1532 1594 ex
1554 1517 1740 1598 arterioso
1764 1518 1805 1590 in
1828 1549 2007 1634 renosum
2031 1555 2112 1606 ver.

418 1691 537 1768 tatur,
562 1673 682 1768 subit,
708 1675 846 1778 partim
865 1699 888 1747 a
909 1699 1095 1774 processu
1116 1671 1321 1776 peculiari,
1349 1673 1414 1774 qui
1442 1674 1482 1746 in
1505 1673 1605 1747 vasis
1632 1670 1796 1748 minimis
1818 1677 2032 1779 perficitur,
2059 1684 2116 1758 in.

423 1825 535 1919 duci,
558 1827 696 1928 partim
723 1853 745 1902 a
766 1845 871 1912 motu
894 1828 1090 1926 sanguinis
1108 1826 1291 1920 lentiore,
1318 1853 1395 1928 quo
1411 1827 1605 1928 sanguinis
1627 1825 1801 1926 globulos
1823 1829 1932 1906 valde
1945 1835 2115 1938 mutari,

419 1979 499 2079 jam
527 1981 749 2074 memoravi,
780 1980 998 2082 dependere
1018 1982 1205 2058 videntur.
1271 1965 1446 2054 Ceterum
1470 1995 1604 2054 notatu
1631 1978 1785 2079 dignum
1807 1999 1881 2074 est,
1908 1986 2013 2083 quod
2036 1989 2117 2088 glo.

420 2129 503 2206 buli
518 2113 714 2232 sanguinis
734 2101 780 2206 'in
804 2135 935 2234 primis
956 2133 1262 2208 inflammationis
1282 2132 1433 2225 stadiis,
1472 2131 1513 2204 in
1533 2131 1670 2231 quibus
1689 2131 1881 2230 sanguinis
1905 2155 2030 2213 motus
2053 2165 2117 2217 ac·

423 2283 609 2360 celeratus
643 2303 719 2380 est,
769 2286 884 2360 etiam
915 2287 1090 2362 invenis
1125 2287 1381 2361 characterem
1412 2309 1594 2362 renosum
1626 2285 1666 2358 in
1693 2284 1925 2360 arteriasum
1958 2309 2113 2370 mutant

284 2433 292 2446 ⁸
421 2439 521 2512 Nam
552 2437 848 2513 inflammatione
874 2441 1090 2541 ingruente,
1130 2438 1325 2538 sanguinis
1352 2435 1495 2538 globuli
1526 2439 1639 2512 etiam
1679 2437 1719 2509 in
1746 2438 1849 2512 renis
1881 2465 2006 2516 serum
2036 2447 2117 2520 ein·

368 2609 371 2618 ·
423 2617 517 2694 gens
546 2573 830 2683 consummunt,
854 2609 1090 2691 turgescunt,
1119 2609 1157 2666 et
1184 2589 1476 2690 agglutinantur,
1525 2593 1625 2690 Ergo
1654 2588 1806 2688 sanguis
1841 2617 2025 2690 venosus,
2053 2599 2120 2698 qui

421 2747 465 2820 in
491 2747 600 2848 cyclo
628 2745 932 2819 inflammationis
958 2759 1139 2836 versatur,
1164 2743 1285 2817 indoli
1316 2743 1477 2834 accedit,
1504 2769 1616 2846 quam
1643 2757 1743 2817 matta
1770 2746 1932 2820 normali
1954 2748 1994 2822 in
2020 2767 2118 2828 arte·

418 2899 490 2976 riis
517 2896 703 2975 servabat.
754 2901 800 2972 In
828 2893 1069 2970 ulterioribus
1094 2889 1197 2970 vero
1211 2893 1520 2971 inflammationis
1542 2895 1694 2989 stadiis,
1715 2863 1767 2972 'et
1796 2915 1903 2996 motu
1924 2904 2119 3003 sanguinis
2227 2893 2231 2898 ¹

418 3051 632 3147 retardato,
651 3031 845 3126 'arteriosa
862 3051 1056 3150 sanguinis
1069 3049 1218 3125 indoles
1230 3050 1364 3124 iterum
1378 3063 1558 3140 mutatur,
1594 3064 1633 3120 et
1642 3049 1764 3149 magis
1775 3052 1969 3154 magisque
1980 3053 2030 3144 ab
2044 3053 2119 3130 hac

418 3203 574 3280 recedit

330 3406 419 3475 232,
586 3380 789 3482 Sanguinis
804 3377 991 3480 morbosi,
1025 3405 1159 3459 evena
1172 3383 1298 3478 missi,
1330 3381 1485 3458 modum
1505 3381 1780 3484 coagulationis
1802 3383 1914 3462 valde
1931 3405 2113 3465 mutatum
2142 3392 2146 3400 ’

421 3536 510 3614 vidi.
551 3533 707 3612 Globuli
716 3533 830 3610 modo
840 3513 920 3611 cito
929 3535 1136 3612 inmassam
1152 3537 1305 3614 rubram
1320 3537 1513 3630 abierunt,
1538 3535 2110 3644 modomsgnamdeposuerunt
2163 3511 2169 3518 ι

423 3689 497 3764 seri
517 3689 687 3792 copiam,
712 3689 753 3762 in
777 3714 854 3790 qua
874 3687 957 3764 lere
985 3689 1221 3794 diffluebant.
1272 3690 1417 3764 Pariter
1442 3689 1584 3766 coloris
1608 3687 1739 3764 indole
1761 3689 1999 3770 differebant.

865 4083 955 4174 De
988 4109 1276 4175 vasorum
1310 4084 1677 4198 parielibus.

336 4323 424 4393 233.
591 4305 715 4408 Quum
731 4303 779 4379 de
792 4329 967 4382 rasorum
982 4307 1170 4383 minorum
1186 4307 1414 4410 parietibus,
1442 4337 1545 4420 qnos·
1556 4313 1690 4389 adesse
1705 4311 1828 4390 adhuc
1847 4331 2013 4410 eertmn,
2040 4334 2118 4393 tam

427 4457 552 4550 saria,
591 4457 670 4533 imo
696 4458 871 4560 opposita
896 4460 1134 4561 protulerim,
1160 4463 1445 4564 phaenomena,
1478 4487 1575 4566 quae
1599 4466 1814 4562 observari,
1848 4468 2014 4550 breviter
2035 4497 2123 4574 par·

199 4654 202 4666 ·
322 4657 325 4662 -
426 4609 609 4685 lustrabo.

595 4790 636 4893 a)
661 4793 848 4870 Vesorum
875 4791 1040 4894 parietes
1070 4793 1112 4868 in
1138 4810 1238 4870 statu
1263 4819 1372 4872 sano
