4800 6194
1138 599 1190 694 69

315 757 598 896 constantibus,
641 827 859 904 quaesere
896 799 1061 902 quolam
1092 768 1391 904 pellucidissimo
1430 798 1573 902 expleri
1598 799 1789 892 ridentur,
1824 797 1925 874 inter
1960 822 2006 874 se

313 956 572 1079 sejunguntur.

221 1135 309 1217 268.
476 1133 681 1232 Sanguinis
699 1133 842 1232 globuli
857 1136 897 1206 in
916 1133 1074 1209 diversis
1097 1131 1320 1206 animulibus
1339 1131 1486 1206 diversa
1509 1129 1675 1230 gaudent
1696 1131 1820 1206 forma
1844 1151 1883 1208 et
1901 1157 2004 1235 meg·

306 1287 493 1364 nitudine.
543 1287 695 1359 Maximi
716 1287 756 1360 in
777 1287 993 1380 tritonihus,
1019 1289 1060 1360 io
1079 1286 1247 1360 muribus
1272 1311 1362 1360 vero
1389 1287 1490 1358 inter
1514 1285 1702 1376 animalia,
1729 1313 1889 1385 qnorum
1914 1313 2021 1362 san·-

305 1440 459 1542 guinem
478 1457 735 1541 purserutatus
760 1465 864 1533 sum,
899 1441 1046 1514 minimi
1067 1457 1168 1516 sunt.
1220 1443 1264 1512 ln
1291 1438 1494 1513 tritonihus
1522 1456 1562 1510 et
1587 1439 1811 1514 animalibus
1835 1443 2001 1534 eunctis,

307 1620 406 1698 quae
421 1593 562 1694 frigide
578 1593 743 1694 gandent
757 1595 953 1693 sanguine,
980 1594 1095 1669 discis
1109 1593 1263 1684 similes,
1289 1593 1416 1668 orales
1437 1609 1474 1663 et
1488 1591 1537 1664 ad
1551 1571 1872 1695 duussrperlioies
1890 1595 2000 1670 ualde

307 1750 518 1851 compressi
542 1765 647 1838 sunt,
674 1726 746 1836 iti,
781 1763 824 1820 ut
846 1747 951 1824 vario
972 1747 1046 1821 situ
1065 1747 1341 1820 diversissimos
1365 1745 1568 1818 exhibeant
1590 1748 1805 1822 diametros
1816 1764 1860 1820 et
1879 1747 2000 1824 diver·
2105 1741 2113 1746 ’
2171 1776 2177 1786 ·

306 1901 473 1977 sissimus
496 1901 726 1976 mentiantur
746 1897 899 1974 formas.
951 1903 997 1974 Iu
1018 1899 1254 1986 animalibus,
1281 1898 1407 1974 calido
1430 1898 1614 1999 praeditis
1634 1901 1832 2000 sangnine,
1860 1899 2005 2000 globuli

304 2057 527 2158 sphaericae
551 2054 696 2128 formae
720 2052 824 2152 plus,
850 2053 974 2126 minus
997 2053 1194 2128 accedunt.

215 2247 304 2352 269,
471 2233 628 2310 Globuli
648 2229 844 2304 incudem
859 2231 1012 2304 animali
1031 2231 1314 2306 omneseadem
1335 2229 1639 2331 gaudentiorma
1660 2231 2001 2331 etmagnitudine3
2136 2307 2142 2316 ‚

151 2391 155 2398 ’
305 2405 346 2462 et
385 2385 666 2475 tnnmmmodo,
704 2383 797 2483 quia
830 2384 901 2458 sub
937 2385 1130 2460 diametris
1163 2384 1425 2486 diversissimis
1464 2401 1687 2478 occurrunt,
1728 2385 2003 2462 diversissimas

303 2567 419 2646 saepe
438 2541 671 2614 mentiuntur
694 2535 851 2616 formas.

214 2736 302 2802 tto.
469 2722 528 2794 De
555 2719 794 2819 globulorum
825 2717 971 2792 nucleis
998 2717 1117 2792 mults
1134 2717 1410 2814 disseruerunt,
1440 2719 1510 2792 sed
1540 2719 1768 2794 nucleorum
1795 2721 1835 2794 in
1860 2719 2017 2834 globus

300 2874 359 2966 lis,
384 2870 563 2973 quamdiu
583 2871 682 2942 intra
707 2867 861 2942 ennales
876 2869 1127 2962 circulabant,
1147 2895 1198 2942 ne
1217 2872 1415 2970 vestigium
1436 2872 1589 2970 quidem
1611 2897 1778 2970 unquam
1804 2871 1993 2971 indagavi,

299 3027 374 3104 etti
402 3026 562 3099 maxima
590 3050 677 3098 eum
703 3021 924 3096 assiduitate
946 3039 985 3096 et
1013 3023 1225 3097 attentione
1250 3040 1290 3097 et
1315 3021 1577 3098 diversissimis
1603 3022 1674 3098 sub
1703 3022 1992 3100 conditionibus

303 3207 371 3258 eos
392 3179 660 3284 quaesiverim.

208 3357 297 3424 etr.
470 3321 724 3408 Globulomm'
748 3325 857 3402 color
881 3299 979 3401 intra
999 3355 1094 3402 rasa
1119 3329 1232 3403 valde
1256 3327 1408 3402 differte

467 3483 508 3582 a)
534 3511 605 3585 pro
626 3481 819 3555 celeritate
835 3498 978 3573 motus,
1018 3507 1094 3579 qua
1108 3479 1313 3554 decurrunt
1320 3509 1334 3576 3
1366 3507 1455 3554 nam
1474 3507 1521 3555 eo
1542 3480 1741 3556 tinctiones
1765 3505 1849 3556 esse
1867 3479 2000 3556 riden-

209 3613 212 3618 Ι
299 3654 378 3732 tur,
410 3662 489 3738 qno
513 3636 652 3710 lentius
674 3603 902 3729 decurrunt,
928 3629 1039 3732 (ideo
1058 3633 1099 3706 in
1115 3634 1221 3709 renis
1239 3635 1392 3733 sanguis
1414 3632 1627 3708 rubriorem
1652 3633 1776 3708 induit
1793 3633 1994 3732 colorem.)

465 3787 509 3884 b)
536 3786 653 3862 Color
678 3813 702 3860 a
721 3783 960 3885 globulorum
975 3785 1278 3865 accumulatione
1293 3787 1437 3890 pendet
1443 3815 1458 3884 3
1483 3813 1572 3862 nam
1588 3799 1666 3890 qn'o
1686 3787 1807 3890 magis
1823 3803 1914 3864 sunt
1935 3811 1996 3866 ae·

296 3942 531 4033 cummulnti,
559 3967 606 4016 eo
630 3940 828 4016 tinctiores
855 3966 941 4016 esse
963 3940 1152 4016 ridentur.

243 4060 248 4070 .
462 4095 504 4196 c)
529 4093 665 4184 Differt
682 4117 755 4193 pro
781 4093 896 4187 lueis,
924 4095 965 4165 in
988 4119 1065 4194 qna
1082 4095 1390 4197 conspiciuntur,
1414 4094 1654 4172 conditione·

466 4245 509 4340 d)
533 4244 670 4320 Differt
686 4271 758 4347 pro
787 4247 861 4320 situ
886 4245 1124 4346 globulorum
1131 4276 1144 4342 5
1168 4275 1257 4322 nam
1275 4249 1309 4323 si
1331 4249 1444 4323 oculo
1471 4245 1713 4349 superficiem
1735 4244 1878 4346 largam
1902 4267 1992 4321 ota·

162 4432 169 4442 ·
292 4403 370 4478 lent
393 4399 598 4504 praebent,
622 4399 844 4501 pallidiores
871 4426 956 4476 esse
985 4401 1181 4494 videntur,
1207 4427 1320 4502 quam
1347 4402 1388 4472 in
1409 4399 1544 4474 sitibus
1563 4398 1736 4502 reliquis.

466 4557 512 4626 In
538 4577 677 4653 genere
701 4553 845 4652 globuli
869 4556 1052 4657 pellucidi
1072 4575 1111 4630 et
1130 4553 1286 4630 subllavi
1307 4571 1408 4632 sunt·

200 4745 294 4812 272,
462 4705 617 4782 Globuli
635 4709 952 4809 sanguinismotn
968 4709 1100 4784 innato
1119 4709 1304 4810 gaudent,
1341 4709 1407 4808 qui
1427 4733 1507 4782 non
1524 4705 1653 4800 aliter,
1687 4729 1734 4780 ce
1753 4699 1916 4805 globulis
1933 4701 1993 4804 ip·

297 4859 350 4934 sis
390 4857 603 4956 dissolutis,
640 4860 873 4963 deperdimr.
921 4865 1012 4936 Non
1041 4861 1119 4936 dici
1136 4879 1284 4965 potest,
1316 4879 1440 4938 utrum
1458 4860 1602 4962 globuli
1621 4885 1669 4936 ex
1689 4858 1842 4935 delectu
1866 4870 1992 4932 motus
