4838 6192
1160 581 1230 645 105

257 768 347 832 412·
511 765 556 837 ln
582 766 804 841 animalibus
825 768 1093 862 inferioribus,
1125 768 1419 844 iuflmnmatione
1440 787 1644 869 regnante,
1677 767 1796 846 febris
1819 797 1898 846 uon
1920 769 2058 855 facile,
2096 751 2109 758 “

346 932 536 1010 movetur,
563 899 681 992 febris
703 945 791 996 vero
815 921 1001 996 levissima
1025 922 1099 996 illis
1122 923 1200 1022 jam
1225 922 1376 998 lethalis
1396 947 1481 1000 esse
1506 923 1612 997 solet.
1662 925 1708 995 Iu
1729 923 1954 1000 animalibus
1971 949 2036 1000 au·

344 1084 422 1140 tem
439 1031 754 1166 generosioribus,
780 1073 821 1146 iu
835 1075 968 1174 primis
993 1075 1033 1146 in
1051 1075 1215 1166 bomine,
1238 1074 1357 1148 febris
1382 1076 1524 1173 exiguis
1547 1101 1593 1150 cr
1615 1077 1739 1151 causis
1761 1078 1914 1179 saepius
1936 1081 2035 1154 crci-

341 1235 463 1312 tatur,
488 1240 530 1295 ct
553 1227 602 1296 ud
622 1251 799 1326 magnum
820 1227 976 1326 gradum
999 1253 1121 1327 usque
1144 1227 1345 1318 evolvitur,
1371 1228 1464 1327 quin
1489 1246 1612 1302 necet

250 1394 338 1460 418·
503 1379 607 1450 Inter
624 1397 875 1481 symptomata
900 1379 1020 1454 febris
1045 1399 1084 1453 et
1109 1377 1553 1485 inflammationis'bigus
1582 1398 1621 1454 et
1652 1379 1755 1456 calor
1776 1402 2032 1460 numerantur.

341 1528 454 1602 Calor
482 1547 607 1604 certus
638 1557 943 1634 unumquemque
977 1533 1078 1608 ritae
1112 1559 1333 1634 processum
1376 1534 1661 1608 concomitatur.
1720 1535 1852 1634 Frigus
1890 1554 2032 1630 autom,

341 1681 445 1778 quod
467 1686 787 1786 metamorphoses
801 1686 971 1761 ·iebriles
995 1687 1208 1790 praecedit,
1248 1713 1294 1760 ex
1316 1685 1553 1761 bructionum
1586 1685 1713 1785 quiete
1740 1711 1809 1759 seu
1837 1688 2033 1764 intervallo

342 1837 432 1910 oriri
459 1837 619 1912 ridetur.
657 1842 739 1916 Hoc
762 1841 996 1916 intervallum
1020 1839 1272 1940 inpartibus,
1299 1839 1436 1938 quibus
1455 1837 1574 1912 febris
1600 1863 1670 1910 seu
1694 1837 1938 1916 inflammatio
1964 1815 2033 1914 im·

206 1981 214 1988 ’
336 1992 471 2083 minet,
505 2010 693 2094 tempore,
725 2021 802 2094 quo
834 1992 1049 2066 functiones
1074 1993 1261 2067 normales
1285 1991 1477 2084 sublatae,
1512 1989 1711 2064 morbosae
1742 2016 1831 2065 vero
1853 1993 2023 2068 nondum

340 2145 510 2220 evolutae
530 2163 636 2232 sunt,
661 2148 871 2221 adducitur.

504 2299 616 2375 Calor
634 2327 723 2376 vero
738 2301 958 2395 morbosus,
983 2301 1241 2378 functionibus
1257 2299 1432 2376 morbose
1453 2299 1609 2382 tandem
1624 2299 1843 2402 ubicunque
1856 2305 2030 2398 mutatis,

334 2452 544 2526 revertitur.
596 2453 834 2528 Potissimum
853 2483 877 2530 a
900 2458 1093 2557 sauguinis
1115 2457 1276 2549 circulo,
1302 2474 1341 2530 ct
1359 2455 1552 2556 sauguinis
1573 2453 1954 2558 pareuobymutisque
1972 2459 2030 2532 in·

336 2607 423 2680 dole
448 2606 665 2710 dependere
688 2608 849 2688 ridetur.
930 2707 935 2714 Ι

241 2863 327 2948 419,
495 2841 670 2915 Tandem
690 2843 1009 2942 metamorphoscs
1028 2807 1393 2952 inflammator-tacet
1410 2839 1564 2914 febr-fles
1588 2840 1639 2914 ad
1659 2857 1803 2914 certum
1822 2842 2023 2915 terminum

333 3019 476 3094 usque,
521 3019 633 3093 quem
661 3020 731 3096 pro
760 2993 917 3068 influxus
950 2996 1091 3096 singuli
1120 2995 1338 3072 conditione
1372 3021 1450 3068 uon
1485 2995 1689 3080 excedunt,
1725 2994 1894 3070 evolutae
1926 3013 2025 3072 suut.

328 3151 425 3220 'l'um
452 3145 574 3220 morbi
598 3150 704 3220 acm'e
732 3147 867 3222 adesse
899 3147 1048 3228 dicitur.
1099 3153 1142 3222 lu
1175 3150 1298 3224 morbi
1324 3129 1572 3223 acme'novae
1600 3145 1919 3247 metamorphoses
1946 3173 2024 3222 uon

330 3299 489 3400 amplius
511 3299 748 3375 adducuntur
756 3329 768 3397 3
795 3301 864 3375 sed
887 3301 1043 3393 illarum,
1068 3327 1166 3403 quae
1189 3303 1338 3394 adsunt,
1363 3301 1620 3376 oscillatioues
1641 3299 1828 3400 quaedam
1843 3300 2023 3395 oriuntur,
2082 3303 2086 3308 ’

248 3461 254 3468 “
330 3479 429 3552 quae
450 3455 559 3552 quasi
584 3479 606 3526 a
629 3453 774 3526 duabus
794 3455 993 3555 potentiis,
1028 3471 1162 3528 contra
1185 3481 1228 3528 se
1255 3453 1545 3538 dimicantibus,
1575 3451 1804 3526 evolvuntur.
1854 3455 1936 3526 Hac
1956 3481 2021 3556 po·

329 3607 476 3680 tentiae
506 3607 606 3681 aetio
635 3606 758 3680 morbi
792 3625 831 3680 et
860 3607 1006 3680 reactio
1040 3607 1242 3705 organismi
1273 3624 1378 3699 sunt,
1414 3631 1571 3704 quarum
1601 3604 1787 3678 rationem
1819 3621 1858 3676 ot
1887 3605 2019 3679 modos

328 3783 407 3831 non
448 3759 606 3858 amplius
635 3761 818 3860 investigo
826 3788 839 3854 3
881 3760 952 3832 sed
976 3760 1239 3860 phaenomena
1263 3776 1413 3860 specto,
1440 3783 1558 3858 quae,
1604 3783 1649 3830 ex
1675 3757 1822 3832 illorum
1842 3757 2019 3834 conflictu

330 3913 580 4011 emergentia,
605 3914 771 3987 stadium
792 3914 1000 3987 secundum
1022 3937 1090 3986 seu
1111 3913 1295 3986 coctionis
1315 3910 1481 4016 impleut
1993 3895 1999 3906 ⁸

489 4081 527 4142 2.
560 4066 781 4140 Studium
804 4065 1065 4141 coctionis.

234 4234 321 4300 420.
490 4222 536 4291 ln
560 4219 915 4321 metamorphosium
942 4218 1262 4312 oscillationibus,
1287 4244 1385 4320 quae
1411 4243 1456 4292 er
1482 4217 1631 4292 actione
1656 4217 1814 4292 inllurus
1833 4215 2017 4292 morbilici

234 4352 250 4370 χ
325 4391 363 4448 ct
384 4365 436 4448 ex'
453 4374 603 4448 actione
625 4373 828 4471 organismi
851 4374 1031 4464 oriuntur,
1056 4375 1129 4447 trin
1148 4389 1337 4446 momenta
1356 4370 1494 4464 notari,
1521 4397 1679 4470 quorum
1700 4371 1862 4474 primum
1886 4345 2017 4445 conh-

325 4527 463 4611 sionis,
491 4525 647 4599 alterum
669 4527 874 4617 coctionis,
901 4545 940 4600 et
959 4527 1112 4600 tertium
1136 4527 1277 4600 criseos
1299 4541 1526 4600 momentum
1548 4527 1746 4628 appellari.

230 4695 320 4760 421.
490 4681 721 4752 Momentum
748 4679 980 4754 contusionis
1010 4681 1049 4749 in
1075 4704 1209 4751 acmen
1238 4677 1361 4751 morbi
1388 4679 1534 4751 incidit
1586 4679 1799 4774 lnducitur,
1836 4678 1924 4753 dum
1944 4701 2012 4750 ua·

323 4847 408 4904 tura
430 4829 481 4905 ud
503 4831 545 4905 id
565 4833 663 4908 vires
686 4857 773 4906 suas
796 4829 991 4931 impendit,
1019 4847 1059 4902 ut
1077 4805 1399 4930 ⁸metamorphoses
1425 4830 1628 4923 morbosus,
1656 4849 1730 4904 tam
1749 4849 1852 4907 ruste
1873 4857 2010 4934 expan-

1419 5001 1466 5063 14
