4800 6194
1231 609 1282 676 44

409 823 488 882 etes
508 805 657 881 modice
683 819 772 878 sunt
793 802 903 878 tensi.
930 800 1124 900 *insignes
1151 816 1248 892 sunt,
1276 821 1368 900 quas
1391 798 1545 898 sangaris
1577 799 1659 902 ipse
1683 797 1796 896 subit,
1828 812 2109 914 metamorpho.

404 985 488 1054 ees3
525 985 614 1034 nam
651 957 792 1059 globuli
827 955 928 1033 laeta
971 953 1145 1055 quidem,
1183 951 1254 1030 sed
1292 953 1415 1028 minus
1440 953 1599 1030 intense·
1614 954 1743 1051 tincti,
1783 972 1822 1032 et
1858 960 1900 1034 in
1919 961 2104 1070 ‘heloim

404 1113 594 1214 quendam
615 1101 782 1188 serosum
805 1109 903 1187 miro
927 1091 1206 1209 modo‘singuti
1231 1106 1389 1184 involuti
1414 1124 1511 1184 sunt.
1536 1106 1681 1186 Pariter
1707 1109 1820 1187 etiam
1839 1118 2098 1223 paranolrymo

401 1283 543 1368 turget,
569 1266 640 1341 sed
665 1266 834 1341 colorem
857 1264 980 1342 minus
1007 1262 1166 1342 tinctum
1181 1260 1316 1362 induit,
1343 1281 1382 1340 et
1405 1281 1534 1344 tumet.
1550 1264 1724 1346 ‘Affectio
1741 1268 1783 1344 in
1799 1267 1980 1350 ambitum
1998 1297 2102 1377 spara

400 1422 499 1522 gitur
521 1439 582 1497 sat
605 1421 762 1522 largum.

315 1615 393 1682 184.
512 1575 515 1581 Ι
561 1602 700 1678 Calore
726 1603 909 1680 continuo
936 1621 975 1680 et
1008 1603 1217 1680 intensiore
1242 1621 1365 1683 motus
1390 1601 1573 1708 tepiditas
1598 1603 1700 1683 haud
1724 1605 1881 1684 multum
1906 1607 2097 1706 increscit,

394 1761 582 1864 parietum
606 1785 697 1837 uero
724 1745 827 1836 circa
850 1759 989 1835 undam
1014 1761 1271 1861 plenissimam
1295 1759 1420 1835 tensio
1445 1761 1580 1862 exigua
1604 1759 1724 1860 magis
1748 1759 1946 1839 relaxatur.
1999 1763 2095 1840 San·

395 1915 518 2014 garinis
545 1927 583 1988 et
607 1911 912 2016 parenchymatis
937 1915 1261 2017 metamorphoses
1287 1931 1470 2016 augentur
1495 1931 1534 1990 et
1557 1911 1804 2015 divulgantur.

558 2095 605 2167 In
627 2091 717 2170 loco
740 2109 844 2170 tacto
869 2113 992 2170 motus
1014 2093 1221 2170 retardatio
1237 2095 1339 2169 lente
1364 2093 1481 2170 intrat
1511 2117 1762 2195 vasorumque
1785 2094 1951 2198 parietes
1976 2095 2096 2200 magis
2168 2124 2172 2136 ‘

392 2245 615 2340 dilatantur,
640 2264 684 2322 ut
706 2247 790 2352 laxe
814 2247 955 2324 undam
979 2247 1082 2323 haud
1106 2247 1339 2323 imminutam
1364 2245 1553 2323 ambeant.
1591 2247 1796 2348 Sanguinis
1820 2263 1858 2322 et
1881 2247 2094 2352 parenchy·

390 2401 503 2472 matis
527 2400 852 2503 metamorphoses
878 2419 1071 2503 augentur.
1122 2403 1248 2476 Mettus
1271 2400 1479 2476 retardatio
1505 2398 1916 2503 imperturbationem,
1943 2421 1981 2478 et
2006 2427 2093 2520 perj

390 2551 558 2644 turbatio
583 2553 625 2624 in
648 2570 770 2628 stases
799 2554 965 2654 denique
997 2553 1152 2646 transit,
1179 2577 1260 2628 non
1291 2551 1391 2627 bena
1419 2552 1739 2653 circumscriptas,
1773 2554 1896 2629 minus
1930 2555 2089 2650 rubras,

389 2730 464 2780 nec
489 2705 749 2781 cohaerentes.
800 2705 1015 2782 Affectione
1041 2681 1245 2800 continua,
1271 2721 1392 2782 stases
1418 2709 1666 2818 augentur·'et
1689 2704 1938 2807 divulgantur.

304 2900 388 2970 185.
553 2887 654 2993 Dum
677 2901 801 2960 motus
828 2884 952 2960 adhuc
976 2884 1112 2986 riguit,
1139 2883 1401 2986 depositiones
1434 2887 1663 2986 sanguineas
1697 2909 1817 2988 saepe
1838 2889 1917 2965 vidi
1944 2889 2104 2995 factas,

387 3035 594 3140 praecipua
620 3036 663 3110 in
685 3033 864 3112 sobitido.
916 3034 1071 3136 Globuli
1094 3035 1189 3116 loco,
1217 3035 1404 3136 quodam,
1432 3039 1542 3138 quasi
1566 3065 1655 3114 rasa
1689 3057 1846 3150 puncto,
1880 3043 1923 3114 in
1951 3069 2089 3146 paren·

304 3271 309 3276 ,
391 3192 526 3293 chyma
549 3203 856 3292 prorumpentes,
889 3185 1051 3261 insulam
1074 3184 1261 3288 parabant
1290 3185 1467 3282 rubram,
1504 3217 1579 3290 qua
1604 3191 1802 3286 exsudata,
1825 3195 1865 3269 in
1889 3196 2089 3295 pristinam

263 3379 268 3386 ·
387 3339 820 3420 revertebantur-‘viam
859 3339 972 3413 Tales
1003 3337 1232 3414 observandi
1263 3338 1545 3442 depositiones,
1580 3347 1734 3421 occasio
1767 3345 1913 3442 fausta,
1953 3349 2005 3424 ob
2030 3351 2091 3423 vri·

387 3498 519 3584 miam
545 3520 622 3598 qua
645 3507 899 3596 peraguntur,
933 3490 1176 3592 rapiditatem
1198 3515 1285 3566 rara
1311 3511 1381 3570 est.
1432 3495 1557 3570 Etiam
1593 3497 1685 3574 alias
1720 3499 1942 3600 contingere
1969 3500 2089 3604 depo·

319 3687 325 3708 ·
387 3651 567 3743 sitiones,
590 3639 783 3722 fortassim
805 3643 1106 3748 frequentiores,
1133 3670 1248 3745 quarn
1271 3649 1522 3746 sanguineas,
1549 3676 1686 3756 nempe
1712 3677 1881 3741 serosas,
1910 3677 2009 3754 quae
2033 3651 2085 3728 oh

387 3805 539 3906 copiam
563 3801 749 3896 minorem
775 3814 814 3874 et
835 3769 1135 3900 pelluciditatem
1157 3821 1265 3873 suam
1296 3801 1471 3901 conspici
1494 3828 1574 3878 non
1598 3777 1795 3906 possunt,
1813 3803 1895 3882 iere
1928 3807 2085 3883 credere

328 3969 334 3978 '
385 3959 488 4034 licet.

1064 4240 1409 4360 Frigus

249 4495 270 4542 ·,
304 4455 386 4537 186.
522 4509 528 4518 .
549 4441 680 4546 Frigus
703 4443 896 4521 modicum
919 4442 1064 4528 siccum
1082 4459 1226 4518 motum
1249 4442 1443 4544 sanguinis
1460 4442 1570 4538 citat,
1598 4461 1636 4518 et
1658 4467 1746 4520 vara
1772 4447 1881 4522 valde
1897 4452 2085 4525 conemin-

386 4598 458 4700 git,
484 4599 623 4692 ita,'nt
647 4595 835 4672 canalium
859 4595 1033 4692 ambitus,
1065 4595 1158 4674 licet
1181 4596 1332 4702 plenior
1356 4595 1485 4678 affluat
1510 4595 1638 4691 unda,
1662 4595 1836 4676 modicus
1859 4567 1918 4676 sit.
1964 4603 2083 4680 Stric-

384 4769 486 4827 turae
513 4753 553 4825 in
578 4749 736 4852 singulis
764 4775 937 4828 vasorum
961 4736 1166 4854 praecipue
1191 4749 1412 4827 arteriarum
1436 4749 1533 4826 locis
1559 4749 1769 4844 observari,
1795 4751 1835 4825 in
1862 4753 1999 4852 quibus
2020 4781 2083 4831 ca·

387 4905 484 4980 nnn
511 4905 657 4997 rumen,
683 4907 793 5006 quast
818 4904 979 5006 rigatum
1001 4905 1142 5008 injecta
1158 4923 1197 4984 o
1219 4903 1353 4980 tertia
1369 4903 1595 4997 comarco,
1615 4869 1703 4980 *erat
1720 4921 1967 4984 oneratum.
1988 4909 2084 4984 sn-
