<?xml version="1.0" encoding="UTF-8"?>
<!DOCTYPE html PUBLIC "-//W3C//DTD XHTML 1.0 Transitional//EN"
    "http://www.w3.org/TR/xhtml1/DTD/xhtml1-transitional.dtd">
<html xmlns="http://www.w3.org/1999/xhtml" xml:lang="en" lang="en">
 <head>
  <title>
</title>
<meta http-equiv="Content-Type" content="text/html;charset=utf-8" />
  <meta name='ocr-system' content='tesseract 3.04.00' />
  <meta name='ocr-capabilities' content='ocr_page ocr_carea ocr_par ocr_line ocrx_word'/>
</head>
<body>
  <div class='ocr_page' id='page_1' title='image "./experimentacirc00kaltgoog_0023.png"; bbox 0 0 4800 6194; ppageno 0'>
   <div class='ocr_carea' id='block_1_1' title="bbox 1234 627 1278 690">
    <p class='ocr_par' dir='ltr' id='par_1_1' title="bbox 1234 627 1278 690">
     <span class='ocr_line' id='line_1_1' title="bbox 1234 627 1278 690; baseline 0 0"><span class='ocrx_word' id='word_1_1' title='bbox 1234 627 1278 690; x_wconf 89' lang='lat'>10</span> 
     </span>
    </p>
   </div>
   <div class='ocr_carea' id='block_1_2' title="bbox 198 804 2203 1074">
    <p class='ocr_par' dir='ltr' id='par_1_2' title="bbox 198 804 2203 1074">
     <span class='ocr_line' id='line_1_2' title="bbox 405 804 2203 920; baseline 0.004 -27"><span class='ocrx_word' id='word_1_2' title='bbox 405 819 633 919; x_wconf 89' lang='lat' dir='ltr'>corripitur,</span> <span class='ocrx_word' id='word_1_3' title='bbox 668 817 743 891; x_wconf 92' lang='lat' dir='ltr'>alia</span> <span class='ocrx_word' id='word_1_4' title='bbox 768 831 991 907; x_wconf 68' lang='lat' dir='ltr'>evacuatur,</span> <span class='ocrx_word' id='word_1_5' title='bbox 1031 815 1085 890; x_wconf 84' lang='lat' dir='ltr'>ita</span> <span class='ocrx_word' id='word_1_6' title='bbox 1109 831 1152 890; x_wconf 91' lang='lat' dir='ltr'>ut</span> <span class='ocrx_word' id='word_1_7' title='bbox 1176 809 1395 915; x_wconf 82' lang='lat' dir='ltr'>sanguis&#39;in</span> <span class='ocrx_word' id='word_1_8' title='bbox 1426 813 1684 917; x_wconf 84' lang='lat' dir='ltr'>parenehyma</span> <span class='ocrx_word' id='word_1_9' title='bbox 1727 815 1985 920; x_wconf 74' lang='lat' dir='ltr'>dispergatur,</span> <span class='ocrx_word' id='word_1_10' title='bbox 2027 825 2102 900; x_wconf 89' lang='lat' dir='ltr'>alia</span> <span class='ocrx_word' id='word_1_11' title='bbox 2200 804 2203 810; x_wconf 34' lang='lat'><strong><em>¹</em></strong></span> 
     </span>
     <span class='ocr_line' id='line_1_3' title="bbox 198 969 2101 1074; baseline 0.006 -30"><span class='ocrx_word' id='word_1_12' title='bbox 198 1015 201 1022; x_wconf 45' lang='grc' dir='ltr'><em>ι</em></span> <span class='ocrx_word' id='word_1_13' title='bbox 311 1055 316 1064; x_wconf 53' lang='grc'><em>,</em></span> <span class='ocrx_word' id='word_1_14' title='bbox 399 998 489 1046; x_wconf 80' lang='lat' dir='ltr'>vero</span> <span class='ocrx_word' id='word_1_15' title='bbox 514 972 668 1072; x_wconf 85' lang='lat' dir='ltr'>penitus</span> <span class='ocrx_word' id='word_1_16' title='bbox 689 969 830 1044; x_wconf 82' lang='lat' dir='ltr'>resolvi</span> <span class='ocrx_word' id='word_1_17' title='bbox 862 971 1045 1046; x_wconf 80' lang='lat' dir='ltr'>videatur.</span> <span class='ocrx_word' id='word_1_18' title='bbox 1112 969 1286 1074; x_wconf 69' lang='lat' dir='ltr'>Sanguis,</span> <span class='ocrx_word' id='word_1_19' title='bbox 1313 969 1363 1046; x_wconf 86' lang='lat' dir='ltr'>ad</span> <span class='ocrx_word' id='word_1_20' title='bbox 1394 969 1602 1074; x_wconf 76' lang='lat' dir='ltr'><strong>marginem</strong></span> <span class='ocrx_word' id='word_1_21' title='bbox 1626 969 1792 1054; x_wconf 72' lang='lat' dir='ltr'>uulneris</span> <span class='ocrx_word' id='word_1_22' title='bbox 1836 991 2101 1073; x_wconf 80' lang='lat' dir='ltr'>extrarasetus,</span> 
     </span>
    </p>
   </div>
   <div class='ocr_carea' id='block_1_3' title="bbox 398 1089 1887 1232">
    <p class='ocr_par' dir='ltr' id='par_1_3' title="bbox 398 1089 1887 1232">
     <span class='ocr_line' id='line_1_4' title="bbox 398 1089 1887 1232; baseline 0 -30"><span class='ocrx_word' id='word_1_23' title='bbox 398 1125 562 1202; x_wconf 88' lang='lat' dir='ltr'>maculas</span> <span class='ocrx_word' id='word_1_24' title='bbox 582 1125 782 1226; x_wconf 87' lang='lat' dir='ltr'>dispersas,</span> <span class='ocrx_word' id='word_1_25' title='bbox 812 1125 964 1202; x_wconf 75' lang='lat' dir='ltr'>exhibet</span> <span class='ocrx_word' id='word_1_26' title='bbox 987 1125 1181 1226; x_wconf 78' lang='lat' dir='ltr'>parvulas,</span> <span class='ocrx_word' id='word_1_27' title='bbox 1208 1150 1294 1228; x_wconf 84' lang='lat' dir='ltr'>cnm</span> <span class='ocrx_word' id='word_1_28' title='bbox 1316 1124 1613 1232; x_wconf 74' lang='lat' dir='ltr'>parenohpmate</span> <span class='ocrx_word' id='word_1_29' title='bbox 1639 1089 1887 1232; x_wconf 76' lang='lat' dir='ltr'>conduentes.</span> 
     </span>
    </p>
   </div>
   <div class='ocr_carea' id='block_1_4' title="bbox 275 1303 2099 1586">
    <p class='ocr_par' dir='ltr' id='par_1_4' title="bbox 275 1303 2099 1586">
     <span class='ocr_line' id='line_1_5' title="bbox 275 1303 2099 1432; baseline -0.001 -21"><span class='ocrx_word' id='word_1_30' title='bbox 275 1303 278 1311; x_wconf 17' lang='grc' dir='ltr'>λ</span> <span class='ocrx_word' id='word_1_31' title='bbox 329 1348 388 1410; x_wconf 80' lang='grc'>42.</span> <span class='ocrx_word' id='word_1_32' title='bbox 556 1331 634 1406; x_wconf 85' lang='lat' dir='ltr'>Sed</span> <span class='ocrx_word' id='word_1_33' title='bbox 670 1330 842 1430; x_wconf 77' lang='lat' dir='ltr'>gratiora</span> <span class='ocrx_word' id='word_1_34' title='bbox 877 1331 917 1402; x_wconf 87' lang='lat' dir='ltr'>in</span> <span class='ocrx_word' id='word_1_35' title='bbox 951 1329 1156 1406; x_wconf 76' lang='lat' dir='ltr'>ditioribus</span> <span class='ocrx_word' id='word_1_36' title='bbox 1192 1331 1401 1406; x_wconf 85' lang='lat' dir='ltr'>excitantur</span> <span class='ocrx_word' id='word_1_37' title='bbox 1423 1315 1690 1432; x_wconf 79' lang='lat' dir='ltr'>phaenomena</span> <span class='ocrx_word' id='word_1_38' title='bbox 1722 1327 1964 1427; x_wconf 69' lang='lat' dir='ltr'>uulneribus3</span> <span class='ocrx_word' id='word_1_39' title='bbox 2006 1353 2099 1410; x_wconf 88' lang='lat' dir='ltr'>atta·</span> 
     </span>
     <span class='ocr_line' id='line_1_6' title="bbox 399 1453 2099 1586; baseline 0.005 -30"><span class='ocrx_word' id='word_1_40' title='bbox 399 1483 633 1574; x_wconf 81' lang='lat' dir='ltr'>meneodem</span> <span class='ocrx_word' id='word_1_41' title='bbox 647 1483 774 1558; x_wconf 85' lang='lat' dir='ltr'>omnia</span> <span class='ocrx_word' id='word_1_42' title='bbox 797 1483 943 1558; x_wconf 86' lang='lat' dir='ltr'>exculta</span> <span class='ocrx_word' id='word_1_43' title='bbox 963 1453 1067 1586; x_wconf 64' lang='lat' dir='ltr'>tppo,</span> <span class='ocrx_word' id='word_1_44' title='bbox 1095 1485 1216 1561; x_wconf 90' lang='lat' dir='ltr'>solum</span> <span class='ocrx_word' id='word_1_45' title='bbox 1234 1484 1375 1563; x_wconf 84' lang='lat' dir='ltr'>ambitu</span> <span class='ocrx_word' id='word_1_46' title='bbox 1398 1471 1598 1577; x_wconf 78' lang='lat' dir='ltr'>differunt,</span> <span class='ocrx_word' id='word_1_47' title='bbox 1616 1483 1656 1555; x_wconf 92' lang='lat' dir='ltr'>in</span> <span class='ocrx_word' id='word_1_48' title='bbox 1678 1505 1755 1586; x_wconf 84' lang='lat' dir='ltr'>quo</span> <span class='ocrx_word' id='word_1_49' title='bbox 1772 1482 2031 1582; x_wconf 82' lang='lat' dir='ltr'>efformantur,</span> <span class='ocrx_word' id='word_1_50' title='bbox 2060 1507 2099 1564; x_wconf 83' lang='lat' dir='ltr'>ct</span> 
     </span>
    </p>
   </div>
   <div class='ocr_carea' id='block_1_5' title="bbox 397 1621 1058 1739">
    <p class='ocr_par' dir='ltr' id='par_1_5' title="bbox 397 1621 1058 1739">
     <span class='ocr_line' id='line_1_7' title="bbox 397 1621 1058 1739; baseline -0.003 -24"><span class='ocrx_word' id='word_1_51' title='bbox 397 1665 574 1715; x_wconf 74' lang='lat' dir='ltr'>vasorum</span> <span class='ocrx_word' id='word_1_52' title='bbox 603 1639 786 1739; x_wconf 82' lang='lat' dir='ltr'>dignitate</span> <span class='ocrx_word' id='word_1_53' title='bbox 813 1621 1058 1714; x_wconf 52' lang='lat' dir='ltr'>offensorum,</span> 
     </span>
    </p>
   </div>
   <div class='ocr_carea' id='block_1_6' title="bbox 328 1825 2122 2259">
    <p class='ocr_par' dir='ltr' id='par_1_6' title="bbox 328 1825 2122 2259">
     <span class='ocr_line' id='line_1_8' title="bbox 328 1825 2098 1962; baseline 0.001 -43"><span class='ocrx_word' id='word_1_54' title='bbox 328 1851 387 1912; x_wconf 73' lang='lat'>43·</span> <span class='ocrx_word' id='word_1_55' title='bbox 565 1850 636 1920; x_wconf 90' lang='lat' dir='ltr'>Per</span> <span class='ocrx_word' id='word_1_56' title='bbox 662 1846 841 1920; x_wconf 87' lang='lat' dir='ltr'>ambitum</span> <span class='ocrx_word' id='word_1_57' title='bbox 858 1847 1078 1962; x_wconf 88' lang='lat' dir='ltr'>ampliorem</span> <span class='ocrx_word' id='word_1_58' title='bbox 1102 1833 1207 1921; x_wconf 87' lang='lat' dir='ltr'>unda</span> <span class='ocrx_word' id='word_1_59' title='bbox 1244 1825 1430 1950; x_wconf 89' lang='lat' dir='ltr'>spargitur</span> <span class='ocrx_word' id='word_1_60' title='bbox 1458 1841 1600 1943; x_wconf 90' lang='lat' dir='ltr'>largior</span> <span class='ocrx_word' id='word_1_61' title='bbox 1624 1858 1665 1916; x_wconf 86' lang='lat' dir='ltr'>et</span> <span class='ocrx_word' id='word_1_62' title='bbox 1702 1858 1826 1916; x_wconf 88' lang='lat' dir='ltr'>motus</span> <span class='ocrx_word' id='word_1_63' title='bbox 1858 1841 2018 1946; x_wconf 84' lang='lat' dir='ltr'>insurgit</span> <span class='ocrx_word' id='word_1_64' title='bbox 2039 1873 2098 1921; x_wconf 91' lang='lat' dir='ltr'>ra·</span> 
     </span>
     <span class='ocr_line' id='line_1_9' title="bbox 399 1968 2122 2104; baseline 0.002 -28"><span class='ocrx_word' id='word_1_65' title='bbox 399 2003 551 2104; x_wconf 64' lang='lat' dir='ltr'>pidior..</span> <span class='ocrx_word' id='word_1_66' title='bbox 600 2005 725 2076; x_wconf 84' lang='lat' dir='ltr'>Motus</span> <span class='ocrx_word' id='word_1_67' title='bbox 763 2002 803 2073; x_wconf 89' lang='lat' dir='ltr'>in</span> <span class='ocrx_word' id='word_1_68' title='bbox 837 1999 1053 2075; x_wconf 76' lang='lat' dir='ltr'>vulneribus</span> <span class='ocrx_word' id='word_1_69' title='bbox 1088 1968 1336 2102; x_wconf 80' lang='lat' dir='ltr'>gratissimis,</span> <span class='ocrx_word' id='word_1_70' title='bbox 1377 2001 1478 2072; x_wconf 91' lang='lat' dir='ltr'>inter</span> <span class='ocrx_word' id='word_1_71' title='bbox 1504 2023 1602 2098; x_wconf 88' lang='lat' dir='ltr'>quae</span> <span class='ocrx_word' id='word_1_72' title='bbox 1620 2024 1713 2101; x_wconf 86' lang='lat' dir='ltr'>prae</span> <span class='ocrx_word' id='word_1_73' title='bbox 1730 1973 1886 2078; x_wconf 79' lang='lat' dir='ltr'>nceteris</span> <span class='ocrx_word' id='word_1_74' title='bbox 1919 2001 2008 2092; x_wconf 88' lang='lat' dir='ltr'>illa,</span> <span class='ocrx_word' id='word_1_75' title='bbox 2049 2005 2122 2079; x_wconf 89' lang='lat' dir='ltr'>ab·</span> 
     </span>
     <span class='ocr_line' id='line_1_10' title="bbox 401 2127 2098 2259; baseline 0.001 -28"><span class='ocrx_word' id='word_1_76' title='bbox 401 2157 601 2232; x_wconf 84' lang='lat' dir='ltr'>affectione</span> <span class='ocrx_word' id='word_1_77' title='bbox 628 2156 794 2256; x_wconf 84' lang='lat' dir='ltr'>generali</span> <span class='ocrx_word' id='word_1_78' title='bbox 820 2171 914 2248; x_wconf 88' lang='lat' dir='ltr'>orta,</span> <span class='ocrx_word' id='word_1_79' title='bbox 941 2179 1009 2228; x_wconf 89' lang='lat' dir='ltr'>seu</span> <span class='ocrx_word' id='word_1_80' title='bbox 1034 2155 1256 2258; x_wconf 86' lang='lat' dir='ltr'>hacstipata,</span> <span class='ocrx_word' id='word_1_81' title='bbox 1287 2139 1475 2259; x_wconf 64' lang='lat' dir='ltr'>pminent&#39;</span> <span class='ocrx_word' id='word_1_82' title='bbox 1493 2178 1563 2254; x_wconf 89' lang='lat' dir='ltr'>per</span> <span class='ocrx_word' id='word_1_83' title='bbox 1593 2168 1714 2227; x_wconf 88' lang='lat' dir='ltr'>totum</span> <span class='ocrx_word' id='word_1_84' title='bbox 1727 2127 1945 2232; x_wconf 48' lang='lat' dir='ltr'>&#39;accelerari</span> <span class='ocrx_word' id='word_1_85' title='bbox 1968 2174 2098 2259; x_wconf 89' lang='lat' dir='ltr'>petest</span> 
     </span>
    </p>
   </div>
   <div class='ocr_carea' id='block_1_7' title="bbox 399 2311 845 2417">
    <p class='ocr_par' dir='ltr' id='par_1_7' title="bbox 399 2311 845 2417">
     <span class='ocr_line' id='line_1_11' title="bbox 399 2311 845 2417; baseline -0.009 -31"><span class='ocrx_word' id='word_1_86' title='bbox 399 2331 562 2417; x_wconf 78' lang='lat' dir='ltr'>systema</span> <span class='ocrx_word' id='word_1_87' title='bbox 588 2311 845 2412; x_wconf 84' lang='lat' dir='ltr'>sanguineum.</span> 
     </span>
    </p>
   </div>
   <div class='ocr_carea' id='block_1_8' title="bbox 328 2515 2161 2928">
    <p class='ocr_par' dir='ltr' id='par_1_8' title="bbox 328 2515 2161 2928">
     <span class='ocr_line' id='line_1_12' title="bbox 328 2515 2099 2616; baseline -0.001 -24"><span class='ocrx_word' id='word_1_88' title='bbox 328 2515 391 2578; x_wconf 73' lang='lat'>44·</span> <span class='ocrx_word' id='word_1_89' title='bbox 564 2521 689 2594; x_wconf 86' lang='lat' dir='ltr'>Motus</span> <span class='ocrx_word' id='word_1_90' title='bbox 713 2516 1029 2591; x_wconf 80' lang='lat' dir='ltr'>accelerationem</span> <span class='ocrx_word' id='word_1_91' title='bbox 1055 2542 1141 2589; x_wconf 82' lang='lat' dir='ltr'>mox</span> <span class='ocrx_word' id='word_1_92' title='bbox 1166 2515 1366 2588; x_wconf 81' lang='lat' dir='ltr'>ulteriores</span> <span class='ocrx_word' id='word_1_93' title='bbox 1393 2529 1601 2612; x_wconf 88' lang='lat' dir='ltr'>sequuntur</span> <span class='ocrx_word' id='word_1_94' title='bbox 1625 2515 1972 2614; x_wconf 85' lang='lat' dir='ltr'>metamorphoses,</span> <span class='ocrx_word' id='word_1_95' title='bbox 2001 2541 2099 2616; x_wconf 89' lang='lat' dir='ltr'>quae</span> 
     </span>
     <span class='ocr_line' id='line_1_13' title="bbox 400 2667 2161 2773; baseline -0.003 -25"><span class='ocrx_word' id='word_1_96' title='bbox 400 2691 504 2748; x_wconf 89' lang='lat' dir='ltr'>certo</span> <span class='ocrx_word' id='word_1_97' title='bbox 528 2690 619 2773; x_wconf 90' lang='lat' dir='ltr'>typo</span> <span class='ocrx_word' id='word_1_98' title='bbox 646 2669 830 2760; x_wconf 82' lang='lat' dir='ltr'>evolutae,</span> <span class='ocrx_word' id='word_1_99' title='bbox 858 2695 880 2741; x_wconf 92' lang='lat' dir='ltr'>a</span> <span class='ocrx_word' id='word_1_100' title='bbox 906 2667 1070 2742; x_wconf 78' lang='lat' dir='ltr'>vulneris</span> <span class='ocrx_word' id='word_1_101' title='bbox 1110 2668 1280 2767; x_wconf 81' lang='lat' dir='ltr'>margine</span> <span class='ocrx_word' id='word_1_102' title='bbox 1315 2669 1565 2768; x_wconf 82' lang='lat' dir='ltr'>insurgentes,</span> <span class='ocrx_word' id='word_1_103' title='bbox 1589 2693 1719 2744; x_wconf 82' lang='lat' dir='ltr'>tersus</span> <span class='ocrx_word' id='word_1_104' title='bbox 1752 2669 2009 2770; x_wconf 87' lang='lat' dir='ltr'>peripheriam</span> <span class='ocrx_word' id='word_1_105' title='bbox 2034 2696 2098 2743; x_wconf 70' lang='lat' dir='ltr'>er·</span> <span class='ocrx_word' id='word_1_106' title='bbox 2153 2675 2161 2688; x_wconf 87' lang='lat'><em>&#39;</em></span> 
     </span>
     <span class='ocr_line' id='line_1_14' title="bbox 397 2785 2098 2928; baseline 0.001 -31"><span class='ocrx_word' id='word_1_107' title='bbox 397 2785 624 2928; x_wconf 75' lang='lat' dir='ltr'>panduntur.</span> <span class='ocrx_word' id='word_1_108' title='bbox 676 2822 755 2896; x_wconf 90' lang='lat' dir='ltr'>Sed</span> <span class='ocrx_word' id='word_1_109' title='bbox 780 2839 984 2921; x_wconf 89' lang='lat' dir='ltr'>sequentes</span> <span class='ocrx_word' id='word_1_110' title='bbox 1005 2801 1175 2925; x_wconf 86' lang='lat' dir='ltr'>priorum</span> <span class='ocrx_word' id='word_1_111' title='bbox 1195 2847 1273 2896; x_wconf 90' lang='lat' dir='ltr'>non</span> <span class='ocrx_word' id='word_1_112' title='bbox 1301 2820 1459 2918; x_wconf 88' lang='lat' dir='ltr'>amplius</span> <span class='ocrx_word' id='word_1_113' title='bbox 1485 2805 1686 2923; x_wconf 86' lang='lat' dir='ltr'>adtingunt</span> <span class='ocrx_word' id='word_1_114' title='bbox 1718 2820 1837 2916; x_wconf 83' lang='lat' dir='ltr'>fines,</span> <span class='ocrx_word' id='word_1_115' title='bbox 1877 2823 1942 2916; x_wconf 86' lang='lat' dir='ltr'>ita,</span> <span class='ocrx_word' id='word_1_116' title='bbox 1974 2840 2017 2897; x_wconf 93' lang='lat' dir='ltr'>ut</span> <span class='ocrx_word' id='word_1_117' title='bbox 2040 2824 2098 2898; x_wconf 92' lang='lat' dir='ltr'>ul·</span> 
     </span>
    </p>
   </div>
   <div class='ocr_carea' id='block_1_9' title="bbox 275 2969 1675 3075">
    <p class='ocr_par' dir='ltr' id='par_1_9' title="bbox 275 2969 1675 3075">
     <span class='ocr_line' id='line_1_15' title="bbox 275 2969 1675 3075; baseline -0.002 -22"><span class='ocrx_word' id='word_1_118' title='bbox 275 2969 281 2979; x_wconf 45' lang='lat'><strong>¹</strong></span> <span class='ocrx_word' id='word_1_119' title='bbox 395 2982 514 3070; x_wconf 49' lang='lat' dir='ltr'>,timae</span> <span class='ocrx_word' id='word_1_120' title='bbox 540 2975 863 3075; x_wconf 83' lang='lat' dir='ltr'>metamorphoses</span> <span class='ocrx_word' id='word_1_121' title='bbox 888 2976 1061 3048; x_wconf 89' lang='lat' dir='ltr'>minimas</span> <span class='ocrx_word' id='word_1_122' title='bbox 1089 2973 1402 3050; x_wconf 87' lang='lat' dir='ltr'>circumscribant</span> <span class='ocrx_word' id='word_1_123' title='bbox 1425 2973 1675 3074; x_wconf 81' lang='lat' dir='ltr'>peripherias.</span> 
     </span>
    </p>
   </div>
   <div class='ocr_carea' id='block_1_10' title="bbox 330 3183 2109 3313">
    <p class='ocr_par' dir='ltr' id='par_1_10' title="bbox 330 3183 2109 3313">
     <span class='ocr_line' id='line_1_16' title="bbox 330 3183 2109 3313; baseline 0.002 -35"><span class='ocrx_word' id='word_1_124' title='bbox 330 3213 390 3278; x_wconf 80' lang='lat'>45.</span> <span class='ocrx_word' id='word_1_125' title='bbox 559 3210 683 3282; x_wconf 88' lang='lat' dir='ltr'>Primo</span> <span class='ocrx_word' id='word_1_126' title='bbox 709 3193 862 3313; x_wconf 82' lang='lat' dir='ltr'>plenum</span> <span class='ocrx_word' id='word_1_127' title='bbox 886 3207 1011 3281; x_wconf 87' lang='lat' dir='ltr'>undae</span> <span class='ocrx_word' id='word_1_128' title='bbox 1034 3207 1174 3280; x_wconf 88' lang='lat' dir='ltr'>flumen</span> <span class='ocrx_word' id='word_1_129' title='bbox 1197 3207 1299 3280; x_wconf 86' lang='lat' dir='ltr'>eirea</span> <span class='ocrx_word' id='word_1_130' title='bbox 1323 3205 1455 3280; x_wconf 77' lang='lat' dir='ltr'>vulnus</span> <span class='ocrx_word' id='word_1_131' title='bbox 1477 3205 1719 3300; x_wconf 87' lang='lat' dir='ltr'>imminuitur,</span> <span class='ocrx_word' id='word_1_132' title='bbox 1745 3207 1810 3298; x_wconf 87' lang='lat' dir='ltr'>ita,</span> <span class='ocrx_word' id='word_1_133' title='bbox 1825 3183 1924 3282; x_wconf 75' lang='lat' dir='ltr'>uta</span> <span class='ocrx_word' id='word_1_134' title='bbox 1954 3197 2109 3283; x_wconf 79' lang='lat' dir='ltr'>canali-¹</span> 
     </span>
    </p>
   </div>
   <div class='ocr_carea' id='block_1_11' title="bbox 359 3357 1833 3461">
    <p class='ocr_par' dir='ltr' id='par_1_11' title="bbox 359 3357 1833 3461">
     <span class='ocr_line' id='line_1_17' title="bbox 359 3357 1833 3461; baseline -0.003 -27"><span class='ocrx_word' id='word_1_135' title='bbox 359 3387 363 3400; x_wconf 84' lang='grc'>’</span> <span class='ocrx_word' id='word_1_136' title='bbox 397 3359 468 3436; x_wconf 89' lang='lat' dir='ltr'>bus</span> <span class='ocrx_word' id='word_1_137' title='bbox 495 3361 660 3436; x_wconf 87' lang='lat' dir='ltr'>dilatatis</span> <span class='ocrx_word' id='word_1_138' title='bbox 687 3361 788 3434; x_wconf 89' lang='lat' dir='ltr'>haud</span> <span class='ocrx_word' id='word_1_139' title='bbox 814 3378 917 3434; x_wconf 88' lang='lat' dir='ltr'>arete</span> <span class='ocrx_word' id='word_1_140' title='bbox 943 3358 1101 3459; x_wconf 90' lang='lat' dir='ltr'>amplius</span> <span class='ocrx_word' id='word_1_141' title='bbox 1124 3361 1306 3460; x_wconf 84' lang='lat' dir='ltr'>cingatur,</span> <span class='ocrx_word' id='word_1_142' title='bbox 1334 3357 1471 3461; x_wconf 87' lang='lat' dir='ltr'>rapido</span> <span class='ocrx_word' id='word_1_143' title='bbox 1496 3374 1691 3460; x_wconf 88' lang='lat' dir='ltr'>perstante</span> <span class='ocrx_word' id='word_1_144' title='bbox 1717 3377 1833 3432; x_wconf 90' lang='lat' dir='ltr'>motu.</span> 
     </span>
    </p>
   </div>
   <div class='ocr_carea' id='block_1_12' title="bbox 332 3591 2118 3708">
    <p class='ocr_par' dir='ltr' id='par_1_12' title="bbox 332 3591 2118 3708">
     <span class='ocr_line' id='line_1_18' title="bbox 332 3591 2118 3708; baseline 0 -42"><span class='ocrx_word' id='word_1_145' title='bbox 332 3607 392 3687; x_wconf 76' lang='lat'>40,</span> <span class='ocrx_word' id='word_1_146' title='bbox 466 3695 471 3708; x_wconf 89' lang='lat'>.</span> <span class='ocrx_word' id='word_1_147' title='bbox 558 3597 665 3668; x_wconf 82' lang='lat' dir='ltr'>Tunc</span> <span class='ocrx_word' id='word_1_148' title='bbox 691 3593 814 3667; x_wconf 88' lang='lat' dir='ltr'>undae</span> <span class='ocrx_word' id='word_1_149' title='bbox 840 3593 1057 3666; x_wconf 87' lang='lat' dir='ltr'>imminutae</span> <span class='ocrx_word' id='word_1_150' title='bbox 1081 3593 1154 3666; x_wconf 90' lang='lat' dir='ltr'>hue</span> <span class='ocrx_word' id='word_1_151' title='bbox 1180 3616 1300 3692; x_wconf 88' lang='lat' dir='ltr'>usquc</span> <span class='ocrx_word' id='word_1_152' title='bbox 1328 3593 1531 3666; x_wconf 87' lang='lat' dir='ltr'>continuae</span> <span class='ocrx_word' id='word_1_153' title='bbox 1543 3593 1656 3666; x_wconf 89' lang='lat' dir='ltr'>etiam</span> <span class='ocrx_word' id='word_1_154' title='bbox 1687 3591 1927 3694; x_wconf 89' lang='lat' dir='ltr'>perturbatur</span> <span class='ocrx_word' id='word_1_155' title='bbox 1969 3593 2118 3668; x_wconf 83' lang='lat' dir='ltr'>distri·&#39;</span> 
     </span>
    </p>
   </div>
   <div class='ocr_carea' id='block_1_13' title="bbox 398 3743 1666 3847">
    <p class='ocr_par' dir='ltr' id='par_1_13' title="bbox 398 3743 1666 3847">
     <span class='ocr_line' id='line_1_19' title="bbox 398 3743 1666 3847; baseline -0.001 -28"><span class='ocrx_word' id='word_1_156' title='bbox 398 3747 524 3822; x_wconf 87' lang='lat' dir='ltr'>butio:</span> <span class='ocrx_word' id='word_1_157' title='bbox 552 3765 589 3820; x_wconf 87' lang='lat' dir='ltr'>et</span> <span class='ocrx_word' id='word_1_158' title='bbox 612 3745 758 3846; x_wconf 90' lang='lat' dir='ltr'>globuli</span> <span class='ocrx_word' id='word_1_159' title='bbox 783 3747 896 3820; x_wconf 77' lang='lat' dir='ltr'>variis</span> <span class='ocrx_word' id='word_1_160' title='bbox 917 3771 987 3847; x_wconf 86' lang='lat' dir='ltr'>per</span> <span class='ocrx_word' id='word_1_161' title='bbox 1012 3745 1163 3818; x_wconf 84' lang='lat' dir='ltr'>canales</span> <span class='ocrx_word' id='word_1_162' title='bbox 1188 3744 1428 3844; x_wconf 84' lang='lat' dir='ltr'>trajiciuntur</span> <span class='ocrx_word' id='word_1_163' title='bbox 1449 3743 1666 3820; x_wconf 83' lang='lat' dir='ltr'>intervallis.</span> 
     </span>
    </p>
   </div>
   <div class='ocr_carea' id='block_1_14' title="bbox 329 3899 2118 4029">
    <p class='ocr_par' dir='ltr' id='par_1_14' title="bbox 329 3899 2118 4029">
     <span class='ocr_line' id='line_1_20' title="bbox 329 3899 2118 4029; baseline 0.003 -36"><span class='ocrx_word' id='word_1_164' title='bbox 329 3932 388 3996; x_wconf 74' lang='lat' dir='ltr'>at·</span> <span class='ocrx_word' id='word_1_165' title='bbox 488 3899 493 3907; x_wconf 41' lang='grc'><strong>’</strong></span> <span class='ocrx_word' id='word_1_166' title='bbox 568 3927 668 4004; x_wconf 87' lang='lat' dir='ltr'>Dein</span> <span class='ocrx_word' id='word_1_167' title='bbox 694 3927 805 4000; x_wconf 90' lang='lat' dir='ltr'>etiam</span> <span class='ocrx_word' id='word_1_168' title='bbox 829 3943 953 4002; x_wconf 89' lang='lat' dir='ltr'>motus</span> <span class='ocrx_word' id='word_1_169' title='bbox 997 3925 1235 4026; x_wconf 88' lang='lat' dir='ltr'>perturbatur</span> <span class='ocrx_word' id='word_1_170' title='bbox 1288 3941 1326 3999; x_wconf 88' lang='lat' dir='ltr'>et</span> <span class='ocrx_word' id='word_1_171' title='bbox 1378 3904 1755 4028; x_wconf 44' lang='lat' dir='ltr'>sanguis&#39;inacquali</span> <span class='ocrx_word' id='word_1_172' title='bbox 1791 3953 1879 4004; x_wconf 82' lang='lat' dir='ltr'>rasa</span> <span class='ocrx_word' id='word_1_173' title='bbox 1910 3928 2118 4029; x_wconf 83' lang='lat' dir='ltr'>percurrit.</span> 
     </span>
    </p>
   </div>
   <div class='ocr_carea' id='block_1_15' title="bbox 398 4079 561 4181">
    <p class='ocr_par' dir='ltr' id='par_1_15' title="bbox 398 4079 561 4181">
     <span class='ocr_line' id='line_1_21' title="bbox 398 4079 561 4181; baseline 0.012 -29"><span class='ocrx_word' id='word_1_174' title='bbox 398 4079 561 4181; x_wconf 70' lang='lat' dir='ltr'>rythmo,</span> 
     </span>
    </p>
   </div>
   <div class='ocr_carea' id='block_1_16' title="bbox 563 4283 2095 4404">
    <p class='ocr_par' dir='ltr' id='par_1_16' title="bbox 563 4283 2095 4404">
     <span class='ocr_line' id='line_1_22' title="bbox 563 4283 2095 4404; baseline 0.003 -46"><span class='ocrx_word' id='word_1_175' title='bbox 563 4287 726 4386; x_wconf 86' lang='lat' dir='ltr'>Rythmo</span> <span class='ocrx_word' id='word_1_176' title='bbox 751 4283 905 4358; x_wconf 88' lang='lat' dir='ltr'>taudem</span> <span class='ocrx_word' id='word_1_177' title='bbox 928 4285 1046 4384; x_wconf 85' lang='lat' dir='ltr'>magis</span> <span class='ocrx_word' id='word_1_178' title='bbox 1073 4287 1266 4386; x_wconf 84' lang='lat' dir='ltr'>magisque</span> <span class='ocrx_word' id='word_1_179' title='bbox 1297 4288 1560 4404; x_wconf 83' lang='lat' dir='ltr'>pessumdato,</span> <span class='ocrx_word' id='word_1_180' title='bbox 1611 4314 1888 4391; x_wconf 84' lang='lat' dir='ltr'>parerasorum</span> <span class='ocrx_word' id='word_1_181' title='bbox 1912 4291 2095 4388; x_wconf 87' lang='lat' dir='ltr'>sanguine</span> 
     </span>
    </p>
   </div>
   <div class='ocr_carea' id='block_1_17' title="bbox 397 4595 657 4693">
    <p class='ocr_par' dir='ltr' id='par_1_17' title="bbox 397 4595 657 4693">
     <span class='ocr_line' id='line_1_23' title="bbox 397 4595 657 4693; baseline -0.008 -27"><span class='ocrx_word' id='word_1_182' title='bbox 397 4595 657 4693; x_wconf 85' lang='lat' dir='ltr'>cumscriptae.</span> 
     </span>
    </p>
   </div>
   <div class='ocr_carea' id='block_1_18' title="bbox 333 4801 2092 4914">
    <p class='ocr_par' dir='ltr' id='par_1_18' title="bbox 333 4801 2092 4914">
     <span class='ocr_line' id='line_1_24' title="bbox 333 4801 2092 4914; baseline 0.001 -41"><span class='ocrx_word' id='word_1_183' title='bbox 333 4849 393 4914; x_wconf 42' lang='lat'>48·</span> <span class='ocrx_word' id='word_1_184' title='bbox 562 4801 756 4875; x_wconf 86' lang='lat' dir='ltr'>Postremo</span> <span class='ocrx_word' id='word_1_185' title='bbox 783 4801 945 4894; x_wconf 88' lang='lat' dir='ltr'>canales,</span> <span class='ocrx_word' id='word_1_186' title='bbox 974 4803 1118 4878; x_wconf 75' lang='lat' dir='ltr'>vulneri</span> <span class='ocrx_word' id='word_1_187' title='bbox 1142 4805 1314 4906; x_wconf 86' lang='lat' dir='ltr'>proximi,</span> <span class='ocrx_word' id='word_1_188' title='bbox 1344 4805 1603 4879; x_wconf 79' lang='lat' dir='ltr'>dissoluuntur</span> <span class='ocrx_word' id='word_1_189' title='bbox 1638 4823 1676 4878; x_wconf 88' lang='lat' dir='ltr'>et</span> <span class='ocrx_word' id='word_1_190' title='bbox 1697 4803 1861 4904; x_wconf 81' lang='lat' dir='ltr'>sanguis,</span> <span class='ocrx_word' id='word_1_191' title='bbox 1889 4805 1929 4876; x_wconf 92' lang='lat' dir='ltr'>in</span> <span class='ocrx_word' id='word_1_192' title='bbox 1953 4825 2092 4904; x_wconf 88' lang='lat' dir='ltr'>paren·</span> 
     </span>
    </p>
   </div>
   <div class='ocr_carea' id='block_1_19' title="bbox 399 4429 2132 4545">
    <p class='ocr_par' dir='ltr' id='par_1_19' title="bbox 399 4429 2392 4628">
     <span class='ocr_line' id='line_1_25' title="bbox 399 4429 2132 4545; baseline 0.001 -34"><span class='ocrx_word' id='word_1_193' title='bbox 399 4457 619 4542; x_wconf 77' lang='lat' dir='ltr'>evacuatur,</span> <span class='ocrx_word' id='word_1_194' title='bbox 660 4441 699 4510; x_wconf 91' lang='lat' dir='ltr'>in</span> <span class='ocrx_word' id='word_1_195' title='bbox 741 4438 860 4512; x_wconf 88' lang='lat' dir='ltr'>altera</span> <span class='ocrx_word' id='word_1_196' title='bbox 887 4429 988 4514; x_wconf 62' lang='lat' dir='ltr'>&#39;veto</span> <span class='ocrx_word' id='word_1_197' title='bbox 1038 4457 1157 4517; x_wconf 81' lang='lat' dir='ltr'>states</span> <span class='ocrx_word' id='word_1_198' title='bbox 1186 4443 1412 4543; x_wconf 86' lang='lat' dir='ltr'>contingunt</span> <span class='ocrx_word' id='word_1_199' title='bbox 1447 4443 1658 4543; x_wconf 84' lang='lat' dir='ltr'>dispersae,</span> <span class='ocrx_word' id='word_1_200' title='bbox 1707 4442 1884 4542; x_wconf 87' lang='lat' dir='ltr'>pallidae,</span> <span class='ocrx_word' id='word_1_201' title='bbox 1910 4467 1990 4515; x_wconf 94' lang='lat' dir='ltr'>non</span> <span class='ocrx_word' id='word_1_202' title='bbox 2022 4444 2094 4516; x_wconf 85' lang='lat' dir='ltr'>eir·</span> <span class='ocrx_word' id='word_1_203' title='bbox 2126 4531 2132 4545; x_wconf 21' lang='grc' dir='ltr'>ἱ</span> 
     </span>
    </p>
   </div>
   <div class='ocr_carea' id='block_1_20' title="bbox 397 4953 2152 5074">
    <p class='ocr_par' dir='ltr' id='par_1_20' title="bbox 397 4953 2152 5074">
     <span class='ocr_line' id='line_1_26' title="bbox 397 4953 2152 5074; baseline 0.003 -48"><span class='ocrx_word' id='word_1_204' title='bbox 397 4953 531 5054; x_wconf 78' lang='lat' dir='ltr'>thyma</span> <span class='ocrx_word' id='word_1_205' title='bbox 557 4953 715 5048; x_wconf 84' lang='lat' dir='ltr'>effusus,</span> <span class='ocrx_word' id='word_1_206' title='bbox 741 4957 906 5031; x_wconf 88' lang='lat' dir='ltr'>maculas</span> <span class='ocrx_word' id='word_1_207' title='bbox 924 4957 1062 5034; x_wconf 81' lang='lat' dir='ltr'>format</span> <span class='ocrx_word' id='word_1_208' title='bbox 1090 4960 1291 5060; x_wconf 87' lang='lat' dir='ltr'>dispersas,</span> <span class='ocrx_word' id='word_1_209' title='bbox 1318 4958 1496 5059; x_wconf 84' lang='lat' dir='ltr'>pallidae,</span> <span class='ocrx_word' id='word_1_210' title='bbox 1525 4957 1754 5032; x_wconf 81' lang='lat' dir='ltr'>diffluentes.</span> <span class='ocrx_word' id='word_1_211' title='bbox 1808 4959 1928 5032; x_wconf 84' lang='lat' dir='ltr'>Simul</span> <span class='ocrx_word' id='word_1_212' title='bbox 1959 4963 2086 5060; x_wconf 87' lang='lat' dir='ltr'>paren&#39;</span> <span class='ocrx_word' id='word_1_213' title='bbox 2142 5065 2152 5074; x_wconf 86' lang='lat'>.</span> 
     </span>
    </p>
   </div>
   <div class='ocr_carea' id='block_1_21' title="bbox 0 0 2404 6194">
    <p class='ocr_par' dir='ltr' id='par_1_21' title="bbox 0 0 2404 6194">
     <span class='ocr_line' id='line_1_27' title="bbox 0 0 2404 6194; baseline 0 1"><span class='ocrx_word' id='word_1_214' title='bbox 0 0 2404 6194; x_wconf 95' lang='lat' dir='ltr'> </span> 
     </span>
    </p>
   </div>
  </div>
 </body>
</html>
