4838 6192
1039 529 1216 609 ,tos

355 739 470 816 quum
495 713 649 788 ultimae
670 739 715 786 ex
739 699 866 787 morbi
885 711 977 787 foco
998 711 1209 820 insurgant,
1247 707 1392 815 primae
1420 709 1462 782 in
1494 707 1714 809 peripheria
1746 709 1870 786 adhuc
1893 735 2044 788 versam

354 885 426 942 tur.
452 863 457 870 ’
476 867 807 968 Metamorphoses
831 883 1013 966 unquam
1035 883 1193 939 suatum
1208 863 1259 938 ad
1275 879 1432 938 suatum
1451 859 1554 959 juxta
1573 887 1619 936 se
1638 861 1788 964 positas
1807 877 1908 938 tunt

264 1025 350 1108 ⁴⁰9·
515 1045 595 1122 Sed
619 1045 848 1146 singularum
868 1044 1226 1145 metamorphosim
1246 1057 1364 1117 strata
1388 1040 1629 1142 expansionis
1648 1039 1828 1113 relativae
1845 1038 1988 1114 ambitu
2001 1041 2043 1112 in

349 1201 508 1278 dirersis
527 1199 669 1276 morbis
692 1200 802 1274 valde
821 1201 922 1272 inter
940 1223 982 1273 se
1005 1195 1192 1272 differunt.
1221 1198 1297 1281 Pit,
1322 1213 1365 1268 ut
1385 1195 1706 1298 metamorphoses
1735 1192 1949 1271 levissimae
1964 1193 2044 1294 pri-

347 1355 534 1457 migeniae
560 1355 670 1428 valde
689 1377 878 1454 expansae
904 1352 999 1443 sint,
1036 1377 1151 1451 φιιιιιι
1171 1349 1370 1423 ulteriores
1398 1349 1438 1420 in
1466 1375 1623 1450 prrsum
1636 1329 1834 1422 resuiotae
1857 1347 1936 1420 sint
1956 1371 2045 1446 cyc-

346 1509 436 1582 lum.
493 1506 572 1584 Scd
598 1507 673 1579 alia
686 1506 770 1580 vice
794 1505 1136 1606 metamorphoseis,
1163 1527 1261 1604 quae
1282 1501 1409 1576 focum
1428 1502 1551 1577 morbi
1564 1516 1718 1592 tenent,
1744 1499 1985 1598 gravissimae
2004 1517 2045 1572 et

348 1660 460 1735 valde
482 1677 658 1733 extensae
679 1677 783 1750 sunt,
810 1681 904 1758 quas
920 1657 1083 1732 leviores
1099 1654 1232 1730 turbae
1247 1680 1363 1753 parto
1379 1655 1615 1730 solummodo
1633 1653 1743 1756 cyclo
1762 1652 2040 1728 circumsident.

519 1879 554 1940 3.
579 1859 767 1934 Febris.

221 2063 229 2070 ·
261 2054 350 2116 ⁴¹0.
519 2039 561 2112 si
585 2037 718 2112 turbae
743 1991 1048 2112 inflammationis
1079 2034 1341 2137 peripherioae
1373 2059 1488 2134 super
1511 2051 1630 2108 totum
1656 2049 1818 2133 systema
1842 2034 2042 2132 sauguine·

343 2220 408 2266 um
430 2190 597 2292 denique
622 2191 901 2294 expanduntur,
929 2188 1086 2263 febriles
1110 2188 1280 2264 audiunt.
1347 2190 1450 2286 Ergo
1474 2185 1593 2259 febris
1618 2184 1904 2261 inflammationi
1927 2187 2039 2260 valde

344 2343 471 2417 affinis
495 2360 565 2420 est.
614 2343 774 2417 Febrem
800 2341 1085 2416 inflammationi
1110 2340 1262 2415 affinem
1289 2345 1394 2432 esse,
1417 2341 1494 2440 jam
1517 2337 1736 2440 Philipsius,
1762 2339 1868 2414 uisus
1894 2339 1936 2412 in
1962 2338 2040 2414 dis-

344 2497 569 2598 qoisitiones
593 2495 908 2599 microscopicas‚
943 2494 1162 2587 contendit,
1188 2510 1228 2568 et
1250 2495 1466 2594 nuperrime
1487 2493 1534 2566 el.
1563 2490 1867 2566 Gruitbuisenius
1892 2518 2038 2566 summo

343 2677 429 2724 eum
454 2649 592 2724 ardore
618 2648 801 2724 defendit.
848 2645 982 2722 Febris
1020 2673 1105 2720 cum
1139 2647 1432 2764 inflammatione
1455 2643 1619 2718 affinitas
1643 2661 1682 2716 et
1706 2640 1943 2716 differentiae
1976 2668 2038 2716 er·
2190 2673 2205 2760 f·

343 2806 464 2880 actius
488 2803 675 2878 illustrare
697 2798 875 2890 tentab03
911 2797 982 2874 sed
1005 2767 1226 2871 noandum‘
1239 2817 1324 2889 est,
1347 2823 1428 2886 me,
1462 2796 1512 2869 de
1538 2793 1648 2900 lepre
1669 2795 1940 2885 disserentem,
1984 2792 2041 2865 nil

346 2957 467 3049 aliud,
493 2980 606 3056 wem
627 2953 839 3054 systematis
860 2951 1061 3052 sanguinei
1083 2952 1287 3024 statum.iu
1312 2951 1378 3022 illa
1400 2949 1600 3049 respicere.

254 3153 344 3224 litt.
509 3151 756 3228 Iullammatio
788 3147 965 3228 morbosa
999 3167 1038 3222 et
1071 3146 1190 3220 febris
1224 3173 1442 3224 communes
1465 3163 1675 3246 agnoscunt
1689 3145 1835 3238 fontes,
1872 3166 1911 3223 et
1935 3173 2037 3224 com·

342 3331 492 3382 munem
515 3306 878 3406 metamorphosium'
890 3302 1166 3379 evorendarum
1180 3317 1330 3402 typum3
1354 3301 1424 3374 sed
1439 3299 1797 3402 metamorphosium
1814 3301 2033 3378 charactere

340 3459 442 3535 bene
465 3461 566 3534 iuter
589 3485 633 3533 se
657 3455 846 3531 differunt.
908 3539 913 3548 .
1052 3463 1058 3476 '

254 3673 342 3742 1412.
507 3667 831 3765 Metamorphoses
854 3659 1012 3736 febriles
1036 3677 1214 3760 tanquam
1237 3657 1561 3732 continuationem
1586 3655 1951 3734 inflammatoriarum
1964 3659 2036 3734 ais·

340 3837 435 3895 tunt.
486 3817 618 3892 Febris
642 3833 682 3891 et
706 3815 949 3890 inflammatio
973 3839 1019 3887 ex
1042 3811 1181 3886 eodem
1211 3809 1302 3886 foco
1334 3807 1646 3911 proficiscuntur.
1707 3810 1894 3913 Quamdiu
1918 3829 2034 3888 meta-
2101 3792 2106 3802 ¹

303 4035 311 4044 .
338 3971 562 4072 morphoses
586 3944 825 4044 solummodo
848 3983 994 4071 partem
1017 3963 1230 4066 matematis
1260 3963 1459 4064 anguinei
1483 3963 1718 4055 inruerant,
1751 3962 2030 4041 inflammatori-

337 4150 383 4200 ae
407 4136 537 4217 eraut5
575 4121 646 4195 sed
678 4119 835 4194 febrilet
864 4117 1039 4209 audiunt,
1081 4116 1171 4190 dum
1193 4141 1306 4219 super
1327 4133 1447 4190 totum
1473 4113 1734 4216 expanduntur
1760 4115 2025 4216 organismum.

332 4275 549 4352 Secundum
571 4276 672 4352 haue
695 4273 856 4351 ambitus
880 4288 920 4346 et
940 4269 1021 4346 loci
1044 4267 1296 4346 differentiam
1320 4269 1434 4346 etiam
1456 4267 1778 4370 metamorphoses
1802 4268 1909 4370 ipsae
1933 4293 2016 4342 mo·

343 4419 573 4506 difieantur.

251 4665 339 4732 tte.
440 4653 445 4658 ‘
503 4635 625 4706 Febre
650 4632 853 4707 inchoante
878 4629 1072 4728 sauguinis
1096 4627 1258 4702 cuculus
1284 4629 1326 4700 in
1348 4641 1430 4701 toto
1455 4643 1658 4727 syswmate
1674 4627 1883 4726 snguimo
1905 4623 2028 4700 nodi-

340 4811 385 4860 ce
410 4784 667 4876 accelerem,
686 4783 878 4882 sanguinis
902 4781 1016 4884 plena
1032 4778 1156 4857 affluit
1176 4778 1301 4871 unda,
1324 4803 1497 4854 vasorum
1521 4778 1687 4880 parietes
1709 4777 1928 4870 tenduntur,
1943 4799 2030 4854 satt-
