4838 6192
94 1899 98 1908 '
213 1945 222 1952 -
286 1901 387 1974 348·.

1859 445 1865 458 Χ

1088 587 1120 660 ”,
1197 581 1243 647 88

250 814 258 823 ·
375 803 418 854 re
443 777 595 850 intenso
623 791 702 852 erat
726 772 894 872 insignis.
920 817 925 828 ·
947 768 1161 844 Affectioue
1185 745 1288 842 nulla
1314 788 1528 864 consumta,
1564 797 1652 847 vasa
1691 774 1884 874 capillaria
1916 775 2069 874 quidem

375 929 521 1030 dilapsa
545 923 652 1021 sunt,
666 926 736 1000 sed
759 925 807 996 in·
823 923 1115 1026 pareuebymate
1137 912 1308 1021 turgente
1333 921 1496 997 maoulas
1524 941 1562 998 et
1595 924 1737 1014 insulas
1758 926 1923 1000 minores
1956 925 2068 1028 atque
2176 1001 2179 1006 ,
2267 999 2272 1010 ,

375 1081 474 1163 laete
501 1081 638 1155 tinetas
665 1076 852 1151 exhibent.
928 1075 1019 1149 Ideo
1046 1076 1157 1150 lienis
1179 1091 1267 1176 post
1290 1091 1449 1148 mortem
1475 1076 1645 1153 conditio
1672 1075 1719 1150 ab
1748 1073 1812 1150 illa
1837 1078 1983 1178 hepatis
2009 1103 2068 1152 sa·

376 1222 435 1326 ni,
460 1233 566 1333 eujus
591 1257 681 1305 vasa
706 1257 783 1303 non
812 1227 1087 1320 dissolvuntur,
1114 1227 1213 1301 bene
1242 1225 1376 1332 differt.
1453 1227 1530 1299 Sed
1554 1251 1643 1302 vasa
1666 1230 1834 1332 hepatis,
1879 1230 1981 1330 quod
2007 1226 2065 1303 in·

325 1377 329 1388 ’
376 1385 630 1460 flammattone
657 1377 971 1484 correptum'est,
1015 1383 1054 1454 in
1080 1383 1239 1456 eandem
1265 1382 1523 1456 conditionem
1549 1380 1701 1456 tandem
1727 1381 1980 1484 abripiuntur,
2020 1411 2064 1460 ac

373 1561 463 1613 vasa
486 1536 610 1611 lienis.

428 1654 431 1664 Ι
541 1709 576 1769 7.
613 1687 1012 1763 Observationes
1051 1687 1099 1760 in
1141 1684 1630 1788 pulmonecuirieuli.

539 1845 583 1914 In
608 1841 777 1939 margine
812 1841 1003 1942 pulmonis
1037 1837 1200 1913 cuniculi
1251 1841 1391 1914 mortui
1422 1839 1605 1914 vesiculas
1638 1854 1747 1912 notas
1774 1836 1820 1910 ab
1848 1837 1950 1913 omni
1976 1865 2061 1912 san·

375 1994 499 2096 guims
524 1993 682 2092 vestigio
708 1993 859 2093 penitus
895 2019 1030 2067 vacuas
1058 1989 1184 2066 inveni
1209 1990 1334 2090 (quod
1359 1989 1555 2092 pulmones
1580 1989 1684 2090 prius
1711 2018 1733 2062 a
1757 1957 1892 2066 morbo
1917 1991 2059 2068 liberos
2115 2089 2118 2102 ι

375 2145 514 2234 fuisse,
538 2146 684 2244 signum
712 2169 795 2218 esse
821 2146 911 2218 mihi
937 2141 1114 2244 videtur).
1180 2147 1223 2216 In
1264 2143 1347 2218 aliis
1384 2169 1474 2217 vero
1515 2141 1611 2216 loeis
1651 2142 1836 2218 vesiculas
1882 2124 2076 2219 esxtinctusx

374 2315 412 2370 et
438 2297 476 2369 in
501 2321 662 2370 massam
689 2297 955 2370 cohaerentem
980 2277 1140 2370 mutatas
1166 2295 1262 2386 vidi,
1290 2319 1386 2393 quae
1403 2293 1502 2368 vasis
1526 2293 1753 2394 majoribus,
1775 2297 1961 2395 sanguine
1978 2292 2065 2370 sca·
2173 2298 2176 2306 ⁴

371 2415 540 2522 {entibus
560 2449 742 2521 instructa
751 2465 842 2534 erat,
859 2465 896 2522 at
904 2449 1002 2522 rosis
1012 2443 1221 2522 minoribus
1237 2473 1316 2520 non
1332 2447 1530 2547 gaudebat,
1539 2473 1624 2522 nam
1640 2447 1679 2520 in
1694 2443 1877 2539 maculas,
1900 2475 1983 2522 cum
1998 2474 2065 2549 pa·

371 2599 612 2700 rencbymate
633 2599 830 2719 inaequali
856 2595 1100 2690 confluentes,
1128 2597 1309 2674 abierant.

537 2809 579 2895 8.
618 2800 708 2884 De
761 2793 1194 2914 depositione,
1242 2792 1608 2928 secretique,
1673 2795 2064 2907 excretione,
2145 2765 2151 2775 ’

535 3089 538 3098 ¹
606 2963 1049 3072 exsudatione,
1088 2949 1500 3076 absorptione
1531 2971 1587 3054 et
1617 2965 1687 3056 de
1712 2959 1883 3056 vasis
1915 2969 2061 3086 tym-

605 3103 904 3246 plcoticis.
971 3115 972 3118 Ὺ
1178 3119 1183 3129 ’
1586 3249 1588 3252 ¹

282 3333 366 3416 549,
535 3301 694 3403 Saepius
722 3302 758 3372 in
799 3300 1061 3400 experimentis
1097 3301 1319 3376 enarrandis
1355 3299 1403 3376 de
1423 3283 1426 3290 ’
1450 3303 1699 3404 depositionis
1733 3321 1770 3378 et
1803 3298 2061 3407 absorptionis

368 3455 643 3555 phoenomenis
667 3454 815 3528 locutus
839 3477 941 3547 suro,
968 3453 1036 3526 sed
1062 3477 1107 3526 ea
1133 3470 1290 3554 propter
1318 3455 1547 3554 reliquarum
1581 3456 1938 3557 metamorphosium
1964 3483 2057 3534 eon·

217 3604 221 3613 “
302 3623 326 3706 ’,
369 3629 516 3682 cttrsnrn
542 3631 614 3706 pro
638 3605 821 3704 dignitate
846 3629 914 3678 sua
938 3631 1017 3698 nop
1043 3607 1133 3680 satis
1159 3607 1351 3683 illustravi.
1380 3611 1511 3708 ltaque
1539 3609 1690 3700 omnia,
1718 3629 1967 3708 quaemnque
1988 3609 2060 3684 eir·

369 3781 416 3832 ca
441 3723 720 3858 depositionem
745 3775 784 3831 et
809 3757 1111 3859 absorptionem,
1137 3759 1316 3846 materiae
1346 3735 1641 3833 sicissitudinem
1670 3719 1929 3854 absolventes,
1956 3751 2057 3837 ineo·¹

258 3943 259 3948 ¹
367 3909 429 4000 ni,
457 3908 670 4006 singulatim
695 3907 831 4006 collegi
858 3925 896 3981 et
920 3909 1456 4033 inorganismumtqnendam
1481 3911 1670 4011 conjunxi.
1708 3867 1956 3989 'Processum
1993 3913 2058 3988 tle·
2097 4004 2102 4016 1

367 4059 569 4172 positionis
596 4076 635 4132 et
658 4058 932 4160 absorptionis,
960 4060 1108 4158 qualem
1132 4061 1300 4156 tradam,
1330 4087 1409 4138 non
1435 4063 1658 4140 totuinsidi
1667 4091 1681 4158 3
1707 4061 1776 4138 sed
1802 4063 1874 4138 sub'
1897 4063 2059 4140 diversis

368 4210 651 4287 'conditionibus
676 4205 822 4309 singula
844 4225 1034 4284 momenta
1061 4211 1266 4306 observavi,
1281 4239 1377 4314 quae
1395 4217 1435 4288 in
1459 4233 1579 4290 totum
1605 4197 1795 4315 conjunxi.
1821 4217 1923 4316 Ergo
1944 4216 2057 4294 laetis

368 4363 423 4438 nil
455 4363 595 4454 addidi,
621 4388 696 4436 nee
719 4362 860 4459 damst,
885 4365 953 4440 sed
980 4383 1072 4466 quot
1096 4365 1188 4438 mibi
1211 4369 1497 4468 praestiterunt,
1525 4386 1630 4446 certo
1659 4367 1792 4442 ordine
1818 4365 2001 4470 disposui.

182 4551 186 4560 ¹
280 4549 374 4664 350,
533 4559 712 4635 Materiae
746 4562 965 4638 vicissitudo
1012 4582 1050 4638 et
1088 4565 1401 4668 metamorphosis
1451 4567 1492 4640 in
1530 4565 1702 4670 quolibet
1742 4593 1890 4668 organo
1920 4551 1974 4643 cti
1984 4570 2053 4646 sub

237 4729 242 4744 ¹
367 4689 536 4810 qualibet
559 4712 658 4786 vitae
683 4715 904 4794 conditione
928 4705 1169 4816 peraguntur,

279 4883 364 4952 551.
531 4867 681 4956 Ins-eni,
709 4865 781 4960 tria
807 4849 1007 4965 adjuvare,
1040 4885 1081 4942 ut
1114 4873 1294 4946 materiae
1326 4873 1546 4950 vicissitudo
1583 4891 1620 4950 et
1653 4871 1966 4978 metamorphosis
1990 4873 2058 4950 ab·

228 5037 231 5044 ’
365 5012 574 5105 solvantur,
599 5035 759 5116 nempe!
794 5024 833 5115 a)
859 5021 1097 5119 sanguinem,
1137 5021 1181 5120 b)
1205 5022 1478 5128 parenebynia,
1524 5029 1664 5130 inquo
1690 5030 1842 5130 sanguis
1869 5029 2046 5120 decurrit,
