4848 6194
1176 561 1220 628 st

861 747 1136 846 Ammonia
1164 773 1301 862 parra
1329 747 1537 868 liquida.

257 971 345 1038 att.
512 947 713 1028 Ammonia
737 947 905 1024 caustica
931 947 1099 1052 dupplici
1122 945 1238 1023 ruodo
1267 946 1363 1045 agit,
1411 972 1525 1048 quum
1549 943 1645 1038 looi,
1695 969 1809 1048 quem
1833 945 1967 1048 tetigit,
1988 971 2046 1021 re·

350 1104 492 1209 linquit
514 1101 670 1196 uulnus,
704 1115 743 1176 et
765 1097 1006 1177 affectionem
1029 1117 1088 1174 sat
1113 1101 1301 1174 intensam
1324 1100 1365 1174 in
1388 1099 1466 1176 lato
1493 1100 1596 1176 eirca
1626 1101 1760 1178 vulnne
1795 1101 1937 1205 spargit
1961 1126 2048 1202 oye·

348 1263 399 1340 lo.
450 1256 616 1335 Vulnera
645 1253 753 1348 talia,
794 1279 893 1358 quae
927 1252 1128 1372 offertione
1154 1253 1361 1330 intensiore
1387 1255 1592 1356 organismi
1616 1256 1754 1359 stipata
1780 1273 1887 1349 sunt,
1928 1255 2047 1358 pessi·

349 1439 411 1522 ma
439 1435 540 1504 esse,
567 1411 645 1510 jum
691 1409 732 1484 in
770 1407 890 1510 priori
913 1424 1093 1484 tractatus
1117 1423 1224 1510 parte
1255 1410 1479 1504 memoravi3
1515 1401 1603 1482 nam
1644 1407 1776 1487 vulnus
1812 1408 2047 1484 sanationem

355 1567 462 1674 prins
485 1561 612 1640 subire
636 1587 716 1641 non
740 1578 886 1666 potest,
912 1587 1024 1662 qnam
1049 1557 1248 1638 affectione
1274 1563 1476 1665 organismi
1500 1562 1669 1662 judicata
1694 1578 1732 1637 et
1756 1559 1916 1638 sublata.
1951 1559 2046 1636 Coe·

356 1717 473 1798 tionis
499 1715 700 1794 conamina
723 1715 764 1788 in
789 1716 864 1793 hoe
899 1741 988 1792 caen
1013 1739 1099 1792 enm
1129 1715 1365 1798 confusionis
1395 1716 1560 1794 uulneris
1584 1713 1705 1790 turbis
1727 1715 1974 1798 conveniunt,
2011 1731 2048 1792 et

353 1871 506 1950 effectio
533 1868 719 1972 generalia
744 1867 969 1972 petruinus
992 1868 1161 1973 topieum
1186 1863 1386 1948 deriv'atnr.
1431 1875 1550 1946 Intrau
1574 1869 1811 1973 suppuratio,
1839 1893 1936 1970 quae
1961 1893 2049 1970 pro·

350 2025 512 2102 trahitur
517 2079 530 2119 ,
558 2023 684 2102 donee
710 2022 833 2102 omnis
859 2019 1008 2100 affectio
1035 2021 1157 2100 soluta
1183 2039 1221 2095 et
1245 2021 1295 2096 ad
1318 2023 1482 2100 vulneris
1507 2025 1714 2125 marginem
1738 2022 1912 2098 restricta
1936 2023 1994 2098 sit

207 2453 221 2470 ’
350 2472 577 2570 Ἀίεοήοῑ.
594 2475 784 2568 Aether
799 2471 1131 2588 sulphuriens.
1176 2474 1350 2566 Oleum
1369 2471 1730 2566 terebinthinae
1747 2472 2046 2566 aethereum.

263 2707 351 2778 228-
438 2794 441 2802 y
511 2700 673 2782 Affectio
698 2707 822 2780 minor
856 2699 995 2774 sensim
1028 2699 1267 2800 extinguitur.
1334 2697 1463 2774 Stasea
1472 2751 1485 2790 ,
1528 2723 1626 2799 quae
1658 2698 1735 2800 jam
1768 2717 1855 2774 sunt
1882 2713 2047 2800 paratae,

355 2845 612 2946 corriguntur,
637 2847 832 2926 laetiorem
856 2851 1019 2925 induunt
1042 2851 1197 2944 faciem,
1225 2868 1262 2925 et
1287 2877 1406 2928 novae
1433 2849 1630 2926 adduntur.
1695 2851 1855 2926 Affectio
1889 2851 2047 2926 eircum-

339 3023 481 3103 ,epersa
506 3001 648 3078 sensim
672 2999 798 3078 linitur
824 3023 862 3080 et
891 3005 940 3080 ad
965 3003 1051 3082 loca
1077 3003 1360 3108 circumscripta
1385 3004 1631 3106 restringitur.

1107 3233 1311 3252 ffl-

1051 3445 1368 3572 opium.

262 3655 376 3778 istos
526 3667 684 3750 Affectio
718 3691 806 3777 post
839 3671 984 3774 aliquot
1014 3673 1128 3750 horas
1153 3698 1223 3778 per
1255 3687 1375 3748 totum
1402 3696 1539 3776 eorpus
1566 3673 1727 3776 expandi
1752 3673 1917 3767 videtur,
1959 3674 2048 3776 quia

355 3819 468 3894 etiam
494 3820 534 3894 in
559 3823 778 3904 membrana
801 3828 989 3905 natatoria
1022 3827 1132 3932 pedis
1158 3825 1312 3902 alterius
1338 3823 1498 3900 eandem
1525 3843 1649 3904 motus
1683 3847 1722 3902 et
1745 3827 1935 3929 qualitatis
1962 3852 2047 3902 san·

353 3972 477 4072 guinis
501 3975 747 4052 mutationem
772 3951 1036 4072 animadverti,
1064 4003 1108 4054 ae
1132 3980 1173 4052 in
1197 3984 1302 4089 prius
1328 3983 1475 4063 affeeto.
1526 3985 1651 4062 Motus
1677 4009 1767 4060 vero
1786 3985 1973 4061 coctionis
1992 3986 2047 4062 in·

352 4126 774 4226 signes,quiturhasad
784 4147 941 4232 partem,
968 4131 1090 4233 primo
1107 4131 1290 4228 affectam,
1318 4137 1550 4238 colligerent,
1577 4163 1654 4214 non
1673 4135 1867 4212 observavi
1874 4165 1888 4231 3
1917 4156 2041 4238 atque,

352 4273 588 4352 licet'staees
615 4278 764 4380 aliquae
790 4284 950 4386 sparsim
977 4285 1211 4387 contingant,
1237 4313 1301 4364 eae
1326 4315 1398 4391 pro
1425 4287 1637 4368 affectionis
1654 4292 1742 4365 eriri
1757 4289 1940 4384 sufficere,
1965 4315 2045 4366 non

356 4415 507 4526 eredog
521 4429 590 4507 aad
614 4432 723 4512 crisis
748 4435 862 4512 etiam
888 4437 962 4517 alio
988 4440 1115 4534 modo,
1142 4441 1209 4540 qui
1235 4441 1386 4518 oculum
1408 4442 1515 4545 fugit,
1531 4443 1685 4522 ’absolvi
1709 4443 1867 4522 videtur.

1097 4699 1309 4720 m
