4800 6194
1254 596 1395 679 46.

1099 797 1486 894 Acetum.

346 1009 430 1092 ¹9⁰·
596 1014 755 1092 Acetum
781 1007 940 1086 dilutum
966 1005 1017 1083 ad
1039 1003 1297 1084 membranam
1321 1003 1549 1080 natatoriam
1572 1027 1688 1081 ranae
1719 1005 1921 1110 adplicari.

526 1185 531 1204 ⁸
597 1195 723 1270 Motus
748 1193 943 1295 sanguinis
968 1189 1077 1270 valde
1103 1189 1353 1282 acceleratur,
1377 1185 1490 1262 unda¹
1508 1186 1627 1262 affluit
1649 1187 1775 1292 plena,
1803 1191 2038 1267 cerasorum
2061 1163 2130 1297 fia·
2177 1208 2182 1214 ·

430 1347 546 1420 rietes
571 1348 813 1422 vehomenter
837 1347 1166 1448 constringuntur,
1191 1361 1233 1418 ut
1256 1340 1360 1416 unda
1382 1340 1497 1443 plena
1518 1340 1611 1416 inde
1629 1361 1854 1419 coarctetur.
1880 1346 2003 1420 Etiam
2021 1349 2128 1439 strio,

358 1561 361 1570 ,
429 1519 533 1576 turas
558 1503 600 1575 in
625 1501 1009 1604 singulispraecipue
1036 1499 1256 1574 arteriarum
1279 1496 1376 1596 loeis
1402 1493 1610 1572 observari.
1643 1499 1812 1594 Lumen,
1840 1499 1930 1576 inde
1957 1519 2127 1577 coarcta·

429 1671 528 1749 tum,
562 1655 623 1732 rix
653 1657 786 1758 paucis
821 1639 983 1758 globulis
1018 1655 1117 1730 riam
1148 1649 1395 1729 concedebat.
1447 1650 1705 1754 Perenchyrna
1735 1613 1876 1753 turget,
1914 1653 1982 1728 sed
2015 1654 2127 1729 sicuti

427 1809 580 1910 sanguis
604 1811 929 1914 metamorphoses
952 1810 1127 1914 proprias
1153 1807 1314 1884 subiisse
1339 1833 1420 1881 non
1450 1805 1608 1882 ridetur.

340 1999 423 2080 191.
588 1991 699 2068 Aeeti
723 1991 864 2068 influxu
889 1959 1131 2082 continuato,
1152 2000 1282 2064 ‘motus
1314 1989 1497 2092 rapiditas
1529 1989 1579 2064 ad
1608 2015 1790 2067 summum
1823 2014 1943 2091 usquc
1968 1989 2124 2090 gradum

401 2135 600 2241 augetur,
626 2169 878 2246 vasorumque
906 2147 1031 2220 tensio
1058 2145 1262 2232 increscit,
1289 2161 1327 2217 et
1352 2141 1504 2218 affectio
1530 2142 1680 2218 modice
1707 2135 1926 2244 divulgatur.
1955 2147 1997 2217 ln
2023 2145 2124 2219 rasis

422 2297 587 2372 minimis
612 2315 736 2374 motus
753 2300 918 2400 denique
931 2283 1162 2390 retardatur,
1189 2315 1228 2372 et
1246 2299 1323 2372 cito
1337 2295 1600 2400 perturbatur,
1627 2297 1771 2405 dumio
1790 2295 1998 2398 majoribus
2024 2298 2123 2371 rasis
2216 2285 2219 2290 ¹

422 2474 559 2550 magna
584 2478 670 2526 cum
695 2453 932 2529 vehementia
957 2453 1081 2527 adhuc
1105 2449 1287 2554 perdurat
1295 2478 1308 2547 3
1331 2450 1402 2527 sed
1425 2449 1552 2536 undae
1577 2447 1776 2554 plenitudo
1804 2449 2043 2524 imminuitur.
2078 2453 2121 2522 ln

422 2602 630 2702 majoribus
655 2607 755 2682 vasis
780 2625 905 2683 motus
930 2607 1057 2710 potius
1083 2603 1292 2706 inaequalis
1318 2603 1378 2698 fit,
1406 2629 1518 2706 quam
1549 2603 1778 2696 retardatur,
1816 2605 1996 2702 quoniam
2020 2601 2123 2678 unda

354 2775 361 2794 ¹
421 2756 574 2850 minor,
599 2757 689 2832 licet
712 2761 871 2861 rapida,
898 2757 1149 2859 inaequaliter
1171 2783 1242 2859 per
1267 2757 1420 2832 canales
1455 2756 1702 2832 distribuitur.
1756 2759 1798 2852 ln
1824 2757 1971 2830 arteriis
1997 2775 2122 2834 motus

422 2909 557 2984 citatus
582 2909 803 3012 longissime
828 2887 989 3018 perstat:
1036 2913 1164 2988 Stasea
1189 2911 1343 2986 tandem
1370 2909 1584 3017 dispersae,
1610 2877 1734 2986 minus
1759 2912 2026 3010 cohaerentes,
2053 2905 2122 2985 sed

418 3061 562 3138 rubrae
585 3081 625 3138 et
650 3082 723 3176 sat⁸
738 3066 1045 3168 circumscriptae
1071 3067 1306 3164 contingunt.

337 3257 419 3340 192.
585 3244 705 3319 Aceto
731 3245 917 3356 intensius
945 3261 1099 3346 agente,
1136 3261 1256 3319 stases
1289 3245 1400 3319 citius
1426 3241 1688 3346 'contingunt3
1715 3261 1803 3318 tunc
1829 3248 1949 3346 magis
1981 3250 2120 3325 cohae-

418 3413 546 3472 rentes
558 3450 570 3489 ,
595 3393 732 3470 rubrae
758 3415 796 3474 ct
821 3398 1145 3501 circumscriptae,
1173 3394 1285 3500 atque
1312 3415 1470 3476 cunctae
1495 3397 1817 3502 metamorphoscs
1853 3401 1892 3472 in
1919 3405 2120 3478 arctiorem

419 3549 598 3628 ambitum
618 3551 815 3628 restrictae
837 3573 935 3632 sunt.
958 3619 960 3626 ,

1162 3773 1373 3794 οτι-*μ

853 3940 1098 4034 Arida
1145 3943 1670 4036 concentrata.

333 4155 416 4240 193.
581 4139 703 4217 Asida
728 4141 847 4220 diluta
870 4143 1007 4220 eodem
1029 4139 1146 4218 modo
1172 4141 1213 4216 in
1236 4119 1491 4218 membranam
1516 4141 1740 4217 natatoriam
1764 4165 1881 4217 ranae
1906 4163 2040 4250 agunt,
2068 4172 2114 4224 ac
2206 4155 2213 4166 '

416 4306 563 4366 acetum
590 4294 769 4395 dilutum,
795 4315 1041 4376 concentrata
1065 4323 1157 4374 rero
1176 4313 1346 4400 partem,
1385 4325 1504 4399 quam·
1521 4315 1704 4399 tangunt,
1741 4297 1893 4395 delent3
1930 4300 2004 4386 aed¹
2025 4301 2116 4377 lieet

419 4443 497 4520 cito
523 4446 692 4543 deleant,
717 4471 909 4529 momenta
933 4451 1232 4543 accelerationis,
1257 4449 1545 4548 retardationis,
1571 4435 1868 4556 perturbationis
1893 4471 1931 4529 et
1956 4473 2115 4549 staseos,

420 4595 601 4674 citissime
624 4624 668 4676 se
693 4603 952 4707 insequentia,
978 4605 1159 4707 distingui
1182 4623 1353 4707 possunt.

1149 4823 1360 4844 m
