<?xml version="1.0" encoding="UTF-8"?>
<!DOCTYPE html PUBLIC "-//W3C//DTD XHTML 1.0 Transitional//EN"
    "http://www.w3.org/TR/xhtml1/DTD/xhtml1-transitional.dtd">
<html xmlns="http://www.w3.org/1999/xhtml" xml:lang="en" lang="en">
 <head>
  <title>
</title>
<meta http-equiv="Content-Type" content="text/html;charset=utf-8" />
  <meta name='ocr-system' content='tesseract 3.04.00' />
  <meta name='ocr-capabilities' content='ocr_page ocr_carea ocr_par ocr_line ocrx_word'/>
</head>
<body>
  <div class='ocr_page' id='page_1' title='image "./experimentacirc00kaltgoog_0031.png"; bbox 0 0 4800 6194; ppageno 0'>
   <div class='ocr_carea' id='block_1_1' title="bbox 378 595 2155 912">
    <p class='ocr_par' dir='ltr' id='par_1_1' title="bbox 378 595 2155 912">
     <span class='ocr_line' id='line_1_1' title="bbox 1214 595 1258 681; baseline 0.091 -4"><span class='ocrx_word' id='word_1_1' title='bbox 1214 595 1258 681; x_wconf 75' lang='lat' dir='ltr'>is</span> 
     </span>
     <span class='ocr_line' id='line_1_2' title="bbox 378 793 2155 912; baseline 0.001 -28"><span class='ocrx_word' id='word_1_2' title='bbox 378 809 543 912; x_wconf 88' lang='lat' dir='ltr'>partium</span> <span class='ocrx_word' id='word_1_3' title='bbox 590 811 869 880; x_wconf 87' lang='lat' dir='ltr'>necroticarum</span> <span class='ocrx_word' id='word_1_4' title='bbox 910 803 1022 882; x_wconf 88' lang='lat' dir='ltr'>simul</span> <span class='ocrx_word' id='word_1_5' title='bbox 1057 829 1142 881; x_wconf 88' lang='lat' dir='ltr'>cum</span> <span class='ocrx_word' id='word_1_6' title='bbox 1172 793 1269 908; x_wconf 83' lang='lat' dir='ltr'>pure</span> <span class='ocrx_word' id='word_1_7' title='bbox 1304 801 1609 905; x_wconf 85' lang='lat' dir='ltr'>parenohymatis</span> <span class='ocrx_word' id='word_1_8' title='bbox 1643 825 1733 905; x_wconf 86' lang='lat' dir='ltr'>pars</span> <span class='ocrx_word' id='word_1_9' title='bbox 1777 803 1862 908; x_wconf 87' lang='lat' dir='ltr'>ipsa</span> <span class='ocrx_word' id='word_1_10' title='bbox 1901 807 1999 886; x_wconf 88' lang='lat' dir='ltr'>solvi</span> <span class='ocrx_word' id='word_1_11' title='bbox 2032 813 2086 889; x_wconf 84' lang='lat' dir='ltr'>ri·</span> <span class='ocrx_word' id='word_1_12' title='bbox 2149 829 2155 840; x_wconf 88' lang='lat'><strong>·</strong></span> 
     </span>
    </p>
   </div>
   <div class='ocr_carea' id='block_1_2' title="bbox 381 956 2085 1064">
    <p class='ocr_par' dir='ltr' id='par_1_2' title="bbox 381 956 2085 1064">
     <span class='ocr_line' id='line_1_3' title="bbox 381 956 2085 1064; baseline 0.001 -24"><span class='ocrx_word' id='word_1_13' title='bbox 381 963 509 1054; x_wconf 83' lang='lat' dir='ltr'>dettrr,</span> <span class='ocrx_word' id='word_1_14' title='bbox 537 985 635 1064; x_wconf 85' lang='lat' dir='ltr'>quae</span> <span class='ocrx_word' id='word_1_15' title='bbox 661 959 888 1062; x_wconf 67' lang='lat' dir='ltr'>deponitur,</span> <span class='ocrx_word' id='word_1_16' title='bbox 915 986 993 1062; x_wconf 88' lang='lat' dir='ltr'>qno</span> <span class='ocrx_word' id='word_1_17' title='bbox 1018 959 1060 1035; x_wconf 89' lang='lat' dir='ltr'>lit</span> <span class='ocrx_word' id='word_1_18' title='bbox 1073 1014 1084 1055; x_wconf 94' lang='lat'>,</span> <span class='ocrx_word' id='word_1_19' title='bbox 1111 978 1153 1036; x_wconf 89' lang='lat' dir='ltr'>ut</span> <span class='ocrx_word' id='word_1_20' title='bbox 1175 984 1248 1063; x_wconf 87' lang='lat' dir='ltr'>pus</span> <span class='ocrx_word' id='word_1_21' title='bbox 1280 983 1365 1033; x_wconf 89' lang='lat' dir='ltr'>cum</span> <span class='ocrx_word' id='word_1_22' title='bbox 1388 956 1695 1060; x_wconf 82' lang='lat' dir='ltr'>parenohymatis</span> <span class='ocrx_word' id='word_1_23' title='bbox 1722 962 1855 1036; x_wconf 88' lang='lat' dir='ltr'>mutati</span> <span class='ocrx_word' id='word_1_24' title='bbox 1880 961 2085 1042; x_wconf 76' lang='lat' dir='ltr'><strong>misceatur</strong></span> 
     </span>
    </p>
   </div>
   <div class='ocr_carea' id='block_1_3' title="bbox 380 1114 2080 1219">
    <p class='ocr_par' dir='ltr' id='par_1_3' title="bbox 380 1114 2080 1219">
     <span class='ocr_line' id='line_1_4' title="bbox 380 1114 2080 1219; baseline 0.002 -25"><span class='ocrx_word' id='word_1_25' title='bbox 380 1119 532 1194; x_wconf 81' lang='lat' dir='ltr'>exuviis.</span> <span class='ocrx_word' id='word_1_26' title='bbox 598 1120 672 1194; x_wconf 87' lang='lat' dir='ltr'>Pus</span> <span class='ocrx_word' id='word_1_27' title='bbox 713 1117 916 1219; x_wconf 87' lang='lat' dir='ltr'>genuinum</span> <span class='ocrx_word' id='word_1_28' title='bbox 958 1140 1004 1192; x_wconf 85' lang='lat' dir='ltr'>ax</span> <span class='ocrx_word' id='word_1_29' title='bbox 1036 1114 1166 1191; x_wconf 77' lang='lat' dir='ltr'>rivulis</span> <span class='ocrx_word' id='word_1_30' title='bbox 1206 1130 1447 1218; x_wconf 85' lang='lat' dir='ltr'>procreatur,</span> <span class='ocrx_word' id='word_1_31' title='bbox 1482 1139 1551 1190; x_wconf 89' lang='lat' dir='ltr'>ssu</span> <span class='ocrx_word' id='word_1_32' title='bbox 1583 1115 1794 1190; x_wconf 71' lang='lat' dir='ltr'><strong>secernitur</strong></span> <span class='ocrx_word' id='word_1_33' title='bbox 1828 1117 1920 1196; x_wconf 88' lang='lat' dir='ltr'>solis</span> <span class='ocrx_word' id='word_1_34' title='bbox 1957 1137 1996 1196; x_wconf 88' lang='lat' dir='ltr'>et</span> <span class='ocrx_word' id='word_1_35' title='bbox 2030 1119 2080 1197; x_wconf 88' lang='lat' dir='ltr'>ad</span> 
     </span>
    </p>
   </div>
   <div class='ocr_carea' id='block_1_4' title="bbox 341 1239 2081 1376">
    <p class='ocr_par' dir='ltr' id='par_1_4' title="bbox 341 1239 2081 1376">
     <span class='ocr_line' id='line_1_5' title="bbox 341 1239 2081 1376; baseline 0.002 -26"><span class='ocrx_word' id='word_1_36' title='bbox 341 1285 344 1288; x_wconf 81' lang='grc'><strong>’</strong></span> <span class='ocrx_word' id='word_1_37' title='bbox 378 1271 613 1376; x_wconf 81' lang='lat' dir='ltr'>superficiem</span> <span class='ocrx_word' id='word_1_38' title='bbox 639 1271 864 1351; x_wconf 81' lang='lat' dir='ltr'>excernitur.</span> <span class='ocrx_word' id='word_1_39' title='bbox 914 1271 1050 1346; x_wconf 86' lang='lat' dir='ltr'>Mirum</span> <span class='ocrx_word' id='word_1_40' title='bbox 1091 1239 1150 1346; x_wconf 83' lang='lat' dir='ltr'>est</span> <span class='ocrx_word' id='word_1_41' title='bbox 1179 1270 1468 1372; x_wconf 74' lang='lat' dir='ltr'>phinomenon,</span> <span class='ocrx_word' id='word_1_42' title='bbox 1503 1271 1809 1376; x_wconf 88' lang='lat' dir='ltr'>suppuratorium</span> <span class='ocrx_word' id='word_1_43' title='bbox 1842 1291 1986 1352; x_wconf 87' lang='lat' dir='ltr'>motum</span> <span class='ocrx_word' id='word_1_44' title='bbox 2009 1277 2081 1354; x_wconf 81' lang='lat' dir='ltr'>lto·</span> 
     </span>
    </p>
   </div>
   <div class='ocr_carea' id='block_1_5' title="bbox 376 1405 2080 1534">
    <p class='ocr_par' dir='ltr' id='par_1_5' title="bbox 376 1405 2080 1534">
     <span class='ocr_line' id='line_1_6' title="bbox 376 1405 2080 1534; baseline 0.004 -32"><span class='ocrx_word' id='word_1_45' title='bbox 376 1453 467 1504; x_wconf 89' lang='lat' dir='ltr'>num</span> <span class='ocrx_word' id='word_1_46' title='bbox 492 1427 541 1502; x_wconf 86' lang='lat' dir='ltr'>ab</span> <span class='ocrx_word' id='word_1_47' title='bbox 567 1427 779 1504; x_wconf 81' lang='lat' dir='ltr'>irritatione</span> <span class='ocrx_word' id='word_1_48' title='bbox 804 1425 978 1530; x_wconf 87' lang='lat' dir='ltr'>quadam,</span> <span class='ocrx_word' id='word_1_49' title='bbox 998 1424 1158 1504; x_wconf 67' lang='lat' dir='ltr'>uulneri</span> <span class='ocrx_word' id='word_1_50' title='bbox 1190 1425 1306 1520; x_wconf 90' lang='lat' dir='ltr'>illata,</span> <span class='ocrx_word' id='word_1_51' title='bbox 1334 1424 1450 1528; x_wconf 86' lang='lat' dir='ltr'>(quae</span> <span class='ocrx_word' id='word_1_52' title='bbox 1485 1405 1526 1500; x_wconf 91' lang='lat' dir='ltr'>in</span> <span class='ocrx_word' id='word_1_53' title='bbox 1562 1427 1828 1531; x_wconf 80' lang='lat' dir='ltr'>experimentis</span> <span class='ocrx_word' id='word_1_54' title='bbox 1856 1431 2080 1534; x_wconf 75' lang='lat' dir='ltr'>saepissime</span> 
     </span>
    </p>
   </div>
   <div class='ocr_carea' id='block_1_6' title="bbox 374 1580 1571 1686">
    <p class='ocr_par' dir='ltr' id='par_1_6' title="bbox 374 1580 1571 1686">
     <span class='ocr_line' id='line_1_7' title="bbox 374 1580 1571 1686; baseline 0.002 -30"><span class='ocrx_word' id='word_1_55' title='bbox 374 1580 475 1660; x_wconf 76' lang='lat' dir='ltr'>sorte</span> <span class='ocrx_word' id='word_1_56' title='bbox 500 1581 703 1683; x_wconf 87' lang='lat' dir='ltr'>contingit)</span> <span class='ocrx_word' id='word_1_57' title='bbox 730 1582 887 1658; x_wconf 86' lang='lat' dir='ltr'>aliarum</span> <span class='ocrx_word' id='word_1_58' title='bbox 910 1581 1166 1684; x_wconf 77' lang='lat' dir='ltr'>secretiorum</span> <span class='ocrx_word' id='word_1_59' title='bbox 1198 1605 1305 1656; x_wconf 89' lang='lat' dir='ltr'>more</span> <span class='ocrx_word' id='word_1_60' title='bbox 1337 1581 1571 1686; x_wconf 83' lang='lat' dir='ltr'>interrumpi.</span> 
     </span>
    </p>
   </div>
   <div class='ocr_carea' id='block_1_7' title="bbox 314 1751 2089 2334">
    <p class='ocr_par' dir='ltr' id='par_1_7' title="bbox 314 1751 2089 2334">
     <span class='ocr_line' id='line_1_8' title="bbox 314 1751 2081 1866; baseline 0.006 -34"><span class='ocrx_word' id='word_1_61' title='bbox 314 1751 400 1832; x_wconf 83' lang='lat'><strong>86··</strong></span> <span class='ocrx_word' id='word_1_62' title='bbox 540 1765 588 1838; x_wconf 91' lang='lat' dir='ltr'>In</span> <span class='ocrx_word' id='word_1_63' title='bbox 614 1763 778 1839; x_wconf 87' lang='lat' dir='ltr'>hominis</span> <span class='ocrx_word' id='word_1_64' title='bbox 802 1789 897 1866; x_wconf 90' lang='lat' dir='ltr'>pure</span> <span class='ocrx_word' id='word_1_65' title='bbox 921 1789 1093 1858; x_wconf 82' lang='lat' dir='ltr'>meraco,</span> <span class='ocrx_word' id='word_1_66' title='bbox 1121 1763 1227 1866; x_wconf 89' lang='lat' dir='ltr'>quod</span> <span class='ocrx_word' id='word_1_67' title='bbox 1251 1761 1301 1838; x_wconf 89' lang='lat' dir='ltr'>ab</span> <span class='ocrx_word' id='word_1_68' title='bbox 1334 1763 1432 1839; x_wconf 77' lang='lat' dir='ltr'>ae&#39;ris</span> <span class='ocrx_word' id='word_1_69' title='bbox 1457 1763 1598 1865; x_wconf 87' lang='lat' dir='ltr'>injuria</span> <span class='ocrx_word' id='word_1_70' title='bbox 1622 1761 1723 1840; x_wconf 89' lang='lat' dir='ltr'>bene</span> <span class='ocrx_word' id='word_1_71' title='bbox 1758 1783 1840 1842; x_wconf 87' lang='lat' dir='ltr'>erat</span> <span class='ocrx_word' id='word_1_72' title='bbox 1874 1767 2081 1860; x_wconf 88' lang='lat' dir='ltr'>munitum,</span> 
     </span>
     <span class='ocr_line' id='line_1_9' title="bbox 376 1917 2078 2024; baseline -0.001 -29"><span class='ocrx_word' id='word_1_73' title='bbox 376 1919 534 2020; x_wconf 87' lang='lat' dir='ltr'>granula</span> <span class='ocrx_word' id='word_1_74' title='bbox 559 1917 750 2022; x_wconf 87' lang='lat' dir='ltr'>aequalia,</span> <span class='ocrx_word' id='word_1_75' title='bbox 777 1919 997 2024; x_wconf 79' lang='lat' dir='ltr'>sphaerica,</span> <span class='ocrx_word' id='word_1_76' title='bbox 1023 1917 1238 2022; x_wconf 81' lang='lat' dir='ltr'>pellucida,</span> <span class='ocrx_word' id='word_1_77' title='bbox 1264 1917 1569 2020; x_wconf 73' lang='lat' dir='ltr'>ououmseripta,</span> <span class='ocrx_word' id='word_1_78' title='bbox 1594 1919 1732 1996; x_wconf 89' lang='lat' dir='ltr'>nuolso</span> <span class='ocrx_word' id='word_1_79' title='bbox 1765 1921 1918 2023; x_wconf 87' lang='lat' dir='ltr'>penitus</span> <span class='ocrx_word' id='word_1_80' title='bbox 1945 1947 2078 1997; x_wconf 87' lang='lat' dir='ltr'>caren-</span> 
     </span>
     <span class='ocr_line' id='line_1_10' title="bbox 374 2073 2073 2178; baseline 0 -28"><span class='ocrx_word' id='word_1_81' title='bbox 374 2075 448 2169; x_wconf 83' lang='lat' dir='ltr'>tia,</span> <span class='ocrx_word' id='word_1_82' title='bbox 474 2074 779 2178; x_wconf 89' lang='lat' dir='ltr'>conspiciuntur,</span> <span class='ocrx_word' id='word_1_83' title='bbox 804 2080 882 2149; x_wconf 79' lang='lat' dir='ltr'>neo*</span> <span class='ocrx_word' id='word_1_84' title='bbox 902 2073 1006 2148; x_wconf 91' lang='lat' dir='ltr'>aliud</span> <span class='ocrx_word' id='word_1_85' title='bbox 1039 2073 1257 2176; x_wconf 83' lang='lat' dir='ltr'>quidquam.</span> <span class='ocrx_word' id='word_1_86' title='bbox 1309 2073 1401 2150; x_wconf 73' lang='lat' dir='ltr'>aeri</span> <span class='ocrx_word' id='word_1_87' title='bbox 1438 2099 1528 2150; x_wconf 81' lang='lat' dir='ltr'>vero</span> <span class='ocrx_word' id='word_1_88' title='bbox 1562 2075 1752 2176; x_wconf 84' lang='lat' dir='ltr'>exposita,</span> <span class='ocrx_word' id='word_1_89' title='bbox 1778 2076 1936 2176; x_wconf 55' lang='lat' dir='ltr'>panda</span> <span class='ocrx_word' id='word_1_90' title='bbox 1949 2129 1961 2170; x_wconf 94' lang='lat'>,</span> <span class='ocrx_word' id='word_1_91' title='bbox 1986 2101 2073 2154; x_wconf 88' lang='lat' dir='ltr'>mor</span> 
     </span>
     <span class='ocr_line' id='line_1_11' title="bbox 373 2225 2089 2334; baseline 0.002 -32"><span class='ocrx_word' id='word_1_92' title='bbox 373 2229 539 2304; x_wconf 82' lang='lat' dir='ltr'>interae</span> <span class='ocrx_word' id='word_1_93' title='bbox 564 2227 863 2328; x_wconf 84' lang='lat' dir='ltr'>conglutinantia</span> <span class='ocrx_word' id='word_1_94' title='bbox 889 2245 928 2302; x_wconf 88' lang='lat' dir='ltr'>et</span> <span class='ocrx_word' id='word_1_95' title='bbox 952 2226 1233 2330; x_wconf 80' lang='lat' dir='ltr'>decomposita,</span> <span class='ocrx_word' id='word_1_96' title='bbox 1258 2225 1403 2304; x_wconf 87' lang='lat' dir='ltr'>floeeos</span> <span class='ocrx_word' id='word_1_97' title='bbox 1430 2228 1650 2330; x_wconf 81' lang='lat' dir='ltr'>inaequales</span> <span class='ocrx_word' id='word_1_98' title='bbox 1678 2230 1869 2326; x_wconf 77' lang='lat' dir='ltr'>exhibent,</span> <span class='ocrx_word' id='word_1_99' title='bbox 1897 2231 1963 2334; x_wconf 79' lang='lat' dir='ltr'>qui</span> <span class='ocrx_word' id='word_1_100' title='bbox 1988 2239 2089 2308; x_wconf 84' lang='lat' dir='ltr'>sero&#39;</span> 
     </span>
    </p>
   </div>
   <div class='ocr_carea' id='block_1_8' title="bbox 290 2381 885 2498">
    <p class='ocr_par' dir='ltr' id='par_1_8' title="bbox 290 2381 885 2498">
     <span class='ocr_line' id='line_1_12' title="bbox 290 2381 885 2498; baseline -0.005 -38"><span class='ocrx_word' id='word_1_101' title='bbox 290 2487 296 2498; x_wconf 18' lang='grc' dir='ltr'>ἱ</span> <span class='ocrx_word' id='word_1_102' title='bbox 373 2381 540 2484; x_wconf 87' lang='lat' dir='ltr'>quodam</span> <span class='ocrx_word' id='word_1_103' title='bbox 565 2381 683 2458; x_wconf 87' lang='lat' dir='ltr'>cincti</span> <span class='ocrx_word' id='word_1_104' title='bbox 707 2399 806 2458; x_wconf 89' lang='lat' dir='ltr'>sunt.</span> <span class='ocrx_word' id='word_1_105' title='bbox 874 2387 885 2402; x_wconf 83' lang='lat'><strong><em>&#39;</em></strong></span> 
     </span>
    </p>
   </div>
   <div class='ocr_carea' id='block_1_9' title="bbox 368 2549 2076 3130">
    <p class='ocr_par' dir='ltr' id='par_1_9' title="bbox 368 2549 2076 3130">
     <span class='ocr_line' id='line_1_13' title="bbox 520 2549 2075 2667; baseline 0.003 -29"><span class='ocrx_word' id='word_1_106' title='bbox 520 2549 727 2658; x_wconf 60' lang='lat' dir='ltr'>⁸Grunulu,</span> <span class='ocrx_word' id='word_1_107' title='bbox 764 2589 863 2666; x_wconf 86' lang='lat' dir='ltr'>quae</span> <span class='ocrx_word' id='word_1_108' title='bbox 894 2581 1059 2658; x_wconf 87' lang='lat' dir='ltr'>restant,</span> <span class='ocrx_word' id='word_1_109' title='bbox 1094 2565 1355 2666; x_wconf 81' lang='lat' dir='ltr'>magnitudine</span> <span class='ocrx_word' id='word_1_110' title='bbox 1387 2567 1557 2660; x_wconf 77' lang='lat' dir='ltr'>variant,</span> <span class='ocrx_word' id='word_1_111' title='bbox 1597 2591 1713 2667; x_wconf 89' lang='lat' dir='ltr'>quum</span> <span class='ocrx_word' id='word_1_112' title='bbox 1745 2565 1838 2642; x_wconf 89' lang='lat' dir='ltr'>bina</span> <span class='ocrx_word' id='word_1_113' title='bbox 1868 2585 2075 2643; x_wconf 85' lang='lat' dir='ltr'>aut·terna</span> 
     </span>
     <span class='ocr_line' id='line_1_14' title="bbox 373 2717 2076 2822; baseline 0.002 -30"><span class='ocrx_word' id='word_1_114' title='bbox 373 2717 472 2792; x_wconf 88' lang='lat' dir='ltr'>inter</span> <span class='ocrx_word' id='word_1_115' title='bbox 497 2740 540 2792; x_wconf 90' lang='lat' dir='ltr'>se</span> <span class='ocrx_word' id='word_1_116' title='bbox 565 2734 653 2792; x_wconf 89' lang='lat' dir='ltr'>sunt</span> <span class='ocrx_word' id='word_1_117' title='bbox 678 2717 895 2819; x_wconf 83' lang='lat' dir='ltr'>conjuncto.</span> <span class='ocrx_word' id='word_1_118' title='bbox 946 2722 1019 2795; x_wconf 89' lang='lat' dir='ltr'>Pus</span> <span class='ocrx_word' id='word_1_119' title='bbox 1046 2719 1271 2821; x_wconf 86' lang='lat' dir='ltr'>genuinum,</span> <span class='ocrx_word' id='word_1_120' title='bbox 1296 2743 1368 2821; x_wconf 87' lang='lat' dir='ltr'>per</span> <span class='ocrx_word' id='word_1_121' title='bbox 1394 2719 1545 2820; x_wconf 85' lang='lat' dir='ltr'>longius</span> <span class='ocrx_word' id='word_1_122' title='bbox 1570 2735 1719 2821; x_wconf 90' lang='lat' dir='ltr'>tempus</span> <span class='ocrx_word' id='word_1_123' title='bbox 1742 2720 1821 2796; x_wconf 73' lang='lat' dir='ltr'>aeri</span> <span class='ocrx_word' id='word_1_124' title='bbox 1849 2723 2076 2822; x_wconf 84' lang='lat' dir='ltr'>expositum,</span> 
     </span>
     <span class='ocr_line' id='line_1_15' title="bbox 368 2871 2073 2976; baseline 0.002 -31"><span class='ocrx_word' id='word_1_125' title='bbox 368 2872 408 2946; x_wconf 86' lang='lat' dir='ltr'>in</span> <span class='ocrx_word' id='word_1_126' title='bbox 435 2891 730 2950; x_wconf 80' lang='lat' dir='ltr'>crassamentum</span> <span class='ocrx_word' id='word_1_127' title='bbox 748 2892 786 2948; x_wconf 86' lang='lat' dir='ltr'>et</span> <span class='ocrx_word' id='word_1_128' title='bbox 810 2898 945 2962; x_wconf 84' lang='lat' dir='ltr'>serum,</span> <span class='ocrx_word' id='word_1_129' title='bbox 970 2874 1045 2950; x_wconf 91' lang='lat' dir='ltr'>hoo</span> <span class='ocrx_word' id='word_1_130' title='bbox 1071 2874 1258 2976; x_wconf 81' lang='lat' dir='ltr'>cingente,</span> <span class='ocrx_word' id='word_1_131' title='bbox 1285 2873 1505 2974; x_wconf 82' lang='lat' dir='ltr'>sejungitur,</span> <span class='ocrx_word' id='word_1_132' title='bbox 1531 2894 1629 2973; x_wconf 79' lang='lat' dir='ltr'>qnae</span> <span class='ocrx_word' id='word_1_133' title='bbox 1657 2871 1757 2948; x_wconf 89' lang='lat' dir='ltr'>inter</span> <span class='ocrx_word' id='word_1_134' title='bbox 1777 2897 1820 2947; x_wconf 86' lang='lat' dir='ltr'>se</span> <span class='ocrx_word' id='word_1_135' title='bbox 1841 2872 2073 2974; x_wconf 82' lang='lat' dir='ltr'>marginibus</span> 
     </span>
     <span class='ocr_line' id='line_1_16' title="bbox 371 3007 2073 3130; baseline 0.001 -30"><span class='ocrx_word' id='word_1_136' title='bbox 371 3024 549 3103; x_wconf 85' lang='lat' dir='ltr'>lloeoosis</span> <span class='ocrx_word' id='word_1_137' title='bbox 574 3026 778 3102; x_wconf 82' lang='lat' dir='ltr'>confluunt.</span> <span class='ocrx_word' id='word_1_138' title='bbox 840 3029 886 3100; x_wconf 91' lang='lat' dir='ltr'>ln</span> <span class='ocrx_word' id='word_1_139' title='bbox 909 3053 1003 3130; x_wconf 90' lang='lat' dir='ltr'>pure</span> <span class='ocrx_word' id='word_1_140' title='bbox 1037 3027 1158 3102; x_wconf 86' lang='lat' dir='ltr'>malae</span> <span class='ocrx_word' id='word_1_141' title='bbox 1183 3043 1300 3101; x_wconf 88' lang='lat' dir='ltr'>notae</span> <span class='ocrx_word' id='word_1_142' title='bbox 1332 3050 1405 3099; x_wconf 87' lang='lat' dir='ltr'>nee</span> <span class='ocrx_word' id='word_1_143' title='bbox 1431 3007 1696 3125; x_wconf 85' lang='lat' dir='ltr'>granulorum,</span> <span class='ocrx_word' id='word_1_144' title='bbox 1728 3049 1803 3100; x_wconf 85' lang='lat' dir='ltr'>nee</span> <span class='ocrx_word' id='word_1_145' title='bbox 1838 3025 2073 3126; x_wconf 86' lang='lat' dir='ltr'>coagulatio·</span> 
     </span>
    </p>
   </div>
   <div class='ocr_carea' id='block_1_10' title="bbox 372 3175 2079 3410">
    <p class='ocr_par' dir='ltr' id='par_1_10' title="bbox 372 3175 2079 3410">
     <span class='ocr_line' id='line_1_17' title="bbox 372 3175 2079 3282; baseline 0.001 -28"><span class='ocrx_word' id='word_1_146' title='bbox 372 3179 432 3254; x_wconf 92' lang='lat' dir='ltr'>nis</span> <span class='ocrx_word' id='word_1_147' title='bbox 455 3177 763 3256; x_wconf 79' lang='lat' dir='ltr'>animadvertitur</span> <span class='ocrx_word' id='word_1_148' title='bbox 787 3180 984 3280; x_wconf 75' lang='lat' dir='ltr'>vestigium</span> <span class='ocrx_word' id='word_1_149' title='bbox 990 3207 1004 3274; x_wconf 79' lang='lat'>3</span> <span class='ocrx_word' id='word_1_150' title='bbox 1031 3179 1101 3254; x_wconf 91' lang='lat' dir='ltr'>sed</span> <span class='ocrx_word' id='word_1_151' title='bbox 1126 3179 1253 3273; x_wconf 88' lang='lat' dir='ltr'>iehor,</span> <span class='ocrx_word' id='word_1_152' title='bbox 1293 3203 1378 3253; x_wconf 88' lang='lat' dir='ltr'>eum</span> <span class='ocrx_word' id='word_1_153' title='bbox 1406 3201 1478 3280; x_wconf 90' lang='lat' dir='ltr'>pus</span> <span class='ocrx_word' id='word_1_154' title='bbox 1511 3175 1639 3252; x_wconf 88' lang='lat' dir='ltr'>bonae</span> <span class='ocrx_word' id='word_1_155' title='bbox 1678 3176 1819 3254; x_wconf 89' lang='lat' dir='ltr'>indolis</span> <span class='ocrx_word' id='word_1_156' title='bbox 1853 3204 2004 3282; x_wconf 88' lang='lat' dir='ltr'>semper</span> <span class='ocrx_word' id='word_1_157' title='bbox 2029 3182 2079 3256; x_wconf 90' lang='lat' dir='ltr'>sit</span> 
     </span>
     <span class='ocr_line' id='line_1_18' title="bbox 373 3303 1615 3410; baseline -0.001 -30"><span class='ocrx_word' id='word_1_158' title='bbox 373 3307 499 3402; x_wconf 89' lang='lat' dir='ltr'>idem,</span> <span class='ocrx_word' id='word_1_159' title='bbox 525 3332 598 3409; x_wconf 86' lang='lat' dir='ltr'>pro</span> <span class='ocrx_word' id='word_1_160' title='bbox 623 3309 742 3410; x_wconf 86' lang='lat' dir='ltr'>partis</span> <span class='ocrx_word' id='word_1_161' title='bbox 767 3306 913 3381; x_wconf 82' lang='lat' dir='ltr'>fabrica</span> <span class='ocrx_word' id='word_1_162' title='bbox 925 3360 939 3399; x_wconf 91' lang='lat'>,</span> <span class='ocrx_word' id='word_1_163' title='bbox 978 3332 1076 3408; x_wconf 88' lang='lat' dir='ltr'>quas</span> <span class='ocrx_word' id='word_1_164' title='bbox 1100 3307 1322 3399; x_wconf 89' lang='lat' dir='ltr'>destruitur,</span> <span class='ocrx_word' id='word_1_165' title='bbox 1348 3303 1457 3381; x_wconf 76' lang='lat' dir='ltr'>ualde</span> <span class='ocrx_word' id='word_1_166' title='bbox 1483 3305 1615 3380; x_wconf 78' lang='lat' dir='ltr'>variat.</span> 
     </span>
    </p>
   </div>
   <div class='ocr_carea' id='block_1_11' title="bbox 312 3481 2155 3896">
    <p class='ocr_par' dir='ltr' id='par_1_11' title="bbox 312 3481 2155 3896">
     <span class='ocr_line' id='line_1_19' title="bbox 312 3481 2075 3590; baseline 0.003 -30"><span class='ocrx_word' id='word_1_167' title='bbox 312 3505 369 3569; x_wconf 72' lang='lat' dir='ltr'>ar.</span> <span class='ocrx_word' id='word_1_168' title='bbox 535 3489 610 3561; x_wconf 85' lang='lat' dir='ltr'>Pus</span> <span class='ocrx_word' id='word_1_169' title='bbox 636 3487 838 3589; x_wconf 86' lang='lat' dir='ltr'>genuinum</span> <span class='ocrx_word' id='word_1_170' title='bbox 863 3511 887 3560; x_wconf 89' lang='lat' dir='ltr'>a</span> <span class='ocrx_word' id='word_1_171' title='bbox 910 3511 1022 3562; x_wconf 83' lang='lat' dir='ltr'>muco</span> <span class='ocrx_word' id='word_1_172' title='bbox 1046 3485 1160 3589; x_wconf 88' lang='lat' dir='ltr'>longe</span> <span class='ocrx_word' id='word_1_173' title='bbox 1188 3487 1324 3580; x_wconf 87' lang='lat' dir='ltr'>distat,</span> <span class='ocrx_word' id='word_1_174' title='bbox 1365 3510 1440 3560; x_wconf 85' lang='lat' dir='ltr'>nec</span> <span class='ocrx_word' id='word_1_175' title='bbox 1482 3509 1569 3561; x_wconf 88' lang='lat' dir='ltr'>oum</span> <span class='ocrx_word' id='word_1_176' title='bbox 1600 3481 1667 3560; x_wconf 88' lang='lat' dir='ltr'>illo</span> <span class='ocrx_word' id='word_1_177' title='bbox 1706 3483 1891 3560; x_wconf 86' lang='lat' dir='ltr'>confundi</span> <span class='ocrx_word' id='word_1_178' title='bbox 1934 3507 2075 3590; x_wconf 85' lang='lat' dir='ltr'>potest.</span> 
     </span>
     <span class='ocr_line' id='line_1_20' title="bbox 373 3635 2155 3743; baseline 0.002 -29"><span class='ocrx_word' id='word_1_179' title='bbox 373 3641 505 3718; x_wconf 79' lang='lat' dir='ltr'>Munus</span> <span class='ocrx_word' id='word_1_180' title='bbox 529 3665 620 3716; x_wconf 78' lang='lat' dir='ltr'>vero</span> <span class='ocrx_word' id='word_1_181' title='bbox 646 3667 760 3742; x_wconf 88' lang='lat' dir='ltr'>quam</span> <span class='ocrx_word' id='word_1_182' title='bbox 783 3639 954 3742; x_wconf 89' lang='lat' dir='ltr'>plurimis</span> <span class='ocrx_word' id='word_1_183' title='bbox 975 3666 1046 3743; x_wconf 89' lang='lat' dir='ltr'>pro</span> <span class='ocrx_word' id='word_1_184' title='bbox 1074 3666 1319 3743; x_wconf 87' lang='lat' dir='ltr'>organorum,</span> <span class='ocrx_word' id='word_1_185' title='bbox 1352 3642 1393 3713; x_wconf 90' lang='lat' dir='ltr'>in</span> <span class='ocrx_word' id='word_1_186' title='bbox 1419 3639 1556 3741; x_wconf 87' lang='lat' dir='ltr'>quibus</span> <span class='ocrx_word' id='word_1_187' title='bbox 1575 3637 1811 3740; x_wconf 82' lang='lat' dir='ltr'>deponitur,</span> <span class='ocrx_word' id='word_1_188' title='bbox 1846 3641 2074 3718; x_wconf 88' lang='lat' dir='ltr'>conditione</span> <span class='ocrx_word' id='word_1_189' title='bbox 2151 3635 2155 3644; x_wconf 73' lang='grc'><strong>’</strong></span> 
     </span>
     <span class='ocr_line' id='line_1_21' title="bbox 376 3775 2074 3896; baseline 0.002 -28"><span class='ocrx_word' id='word_1_190' title='bbox 376 3791 562 3870; x_wconf 82' lang='lat' dir='ltr'>obnoxius</span> <span class='ocrx_word' id='word_1_191' title='bbox 586 3775 969 3896; x_wconf 59' lang='lat' dir='ltr'>metamorpho&#39;sibus,</span> <span class='ocrx_word' id='word_1_192' title='bbox 995 3793 1065 3870; x_wconf 87' lang='lat' dir='ltr'>sub</span> <span class='ocrx_word' id='word_1_193' title='bbox 1091 3797 1225 3871; x_wconf 90' lang='lat' dir='ltr'>iisdem</span> <span class='ocrx_word' id='word_1_194' title='bbox 1249 3791 1555 3887; x_wconf 85' lang='lat' dir='ltr'>conditionibus,</span> <span class='ocrx_word' id='word_1_195' title='bbox 1576 3791 1714 3893; x_wconf 82' lang='lat' dir='ltr'>quibus</span> <span class='ocrx_word' id='word_1_196' title='bbox 1730 3817 1801 3894; x_wconf 91' lang='lat' dir='ltr'>pus</span> <span class='ocrx_word' id='word_1_197' title='bbox 1817 3792 1956 3868; x_wconf 90' lang='lat' dir='ltr'>malum</span> <span class='ocrx_word' id='word_1_198' title='bbox 1995 3821 2074 3874; x_wconf 90' lang='lat' dir='ltr'>mu·</span> 
     </span>
    </p>
   </div>
   <div class='ocr_carea' id='block_1_12' title="bbox 345 3916 1549 4053">
    <p class='ocr_par' dir='ltr' id='par_1_12' title="bbox 345 3916 1549 4053">
     <span class='ocr_line' id='line_1_22' title="bbox 345 3916 1549 4053; baseline 0.001 -31"><span class='ocrx_word' id='word_1_199' title='bbox 345 3916 494 4042; x_wconf 48' lang='lat' dir='ltr'>matur,</span> <span class='ocrx_word' id='word_1_200' title='bbox 519 3973 592 4024; x_wconf 89' lang='lat' dir='ltr'>nec</span> <span class='ocrx_word' id='word_1_201' title='bbox 615 3973 686 4050; x_wconf 89' lang='lat' dir='ltr'>pos</span> <span class='ocrx_word' id='word_1_202' title='bbox 713 3965 752 4023; x_wconf 89' lang='lat' dir='ltr'>et</span> <span class='ocrx_word' id='word_1_203' title='bbox 775 3972 905 4024; x_wconf 80' lang='lat' dir='ltr'>murus</span> <span class='ocrx_word' id='word_1_204' title='bbox 930 3947 1043 4026; x_wconf 81' lang='lat' dir='ltr'>facile</span> <span class='ocrx_word' id='word_1_205' title='bbox 1069 3949 1227 4053; x_wconf 87' lang='lat' dir='ltr'>amplius</span> <span class='ocrx_word' id='word_1_206' title='bbox 1259 3920 1549 4051; x_wconf 84' lang='lat' dir='ltr'>distinguuntur.</span> 
     </span>
    </p>
   </div>
   <div class='ocr_carea' id='block_1_13' title="bbox 313 4125 2074 4234">
    <p class='ocr_par' dir='ltr' id='par_1_13' title="bbox 313 4125 2074 4234">
     <span class='ocr_line' id='line_1_23' title="bbox 313 4125 2074 4234; baseline -0.001 -28"><span class='ocrx_word' id='word_1_207' title='bbox 313 4137 371 4206; x_wconf 80' lang='lat'>88·</span> <span class='ocrx_word' id='word_1_208' title='bbox 538 4131 681 4204; x_wconf 91' lang='lat' dir='ltr'>Motum</span> <span class='ocrx_word' id='word_1_209' title='bbox 708 4127 880 4204; x_wconf 85' lang='lat' dir='ltr'>eximium</span> <span class='ocrx_word' id='word_1_210' title='bbox 898 4130 1208 4234; x_wconf 87' lang='lat' dir='ltr'>-enppuratorium</span> <span class='ocrx_word' id='word_1_211' title='bbox 1232 4131 1351 4206; x_wconf 89' lang='lat' dir='ltr'>motui</span> <span class='ocrx_word' id='word_1_212' title='bbox 1375 4129 1573 4206; x_wconf 89' lang='lat' dir='ltr'>humorum</span> <span class='ocrx_word' id='word_1_213' title='bbox 1610 4129 1652 4203; x_wconf 91' lang='lat' dir='ltr'>in</span> <span class='ocrx_word' id='word_1_214' title='bbox 1686 4125 1910 4204; x_wconf 86' lang='lat' dir='ltr'>animalibus</span> <span class='ocrx_word' id='word_1_215' title='bbox 1944 4125 2074 4204; x_wconf 78' lang='lat' dir='ltr'>inferi·</span> 
     </span>
    </p>
   </div>
   <div class='ocr_carea' id='block_1_14' title="bbox 376 4280 1792 4390">
    <p class='ocr_par' dir='ltr' id='par_1_14' title="bbox 376 4280 1792 4390">
     <span class='ocr_line' id='line_1_24' title="bbox 376 4280 1792 4390; baseline 0.001 -31"><span class='ocrx_word' id='word_1_216' title='bbox 376 4280 506 4360; x_wconf 89' lang='lat' dir='ltr'>oribus</span> <span class='ocrx_word' id='word_1_217' title='bbox 533 4300 571 4359; x_wconf 92' lang='lat' dir='ltr'>et</span> <span class='ocrx_word' id='word_1_218' title='bbox 595 4307 665 4386; x_wconf 90' lang='lat' dir='ltr'>pus</span> <span class='ocrx_word' id='word_1_219' title='bbox 690 4283 839 4359; x_wconf 89' lang='lat' dir='ltr'>humori</span> <span class='ocrx_word' id='word_1_220' title='bbox 864 4283 939 4386; x_wconf 89' lang='lat' dir='ltr'>ipsi</span> <span class='ocrx_word' id='word_1_221' title='bbox 963 4308 1055 4368; x_wconf 64' lang='lat' dir='ltr'>esse,</span> <span class='ocrx_word' id='word_1_222' title='bbox 1073 4285 1297 4390; x_wconf 83' lang='lat' dir='ltr'>analogum,</span> <span class='ocrx_word' id='word_1_223' title='bbox 1322 4283 1446 4361; x_wconf 88' lang='lat' dir='ltr'>nullus</span> <span class='ocrx_word' id='word_1_224' title='bbox 1474 4285 1619 4362; x_wconf 91' lang='lat' dir='ltr'>dubito.</span> <span class='ocrx_word' id='word_1_225' title='bbox 1645 4321 1696 4341; x_wconf 89' lang='lat'>-</span> <span class='ocrx_word' id='word_1_226' title='bbox 1724 4343 1726 4348; x_wconf 73' lang='lat'><em>.</em></span> <span class='ocrx_word' id='word_1_227' title='bbox 1786 4327 1792 4336; x_wconf 93' lang='lat'><strong>·</strong></span> 
     </span>
    </p>
   </div>
   <div class='ocr_carea' id='block_1_15' title="bbox 0 0 2404 6194">
    <p class='ocr_par' dir='ltr' id='par_1_15' title="bbox 0 0 2404 6194">
     <span class='ocr_line' id='line_1_25' title="bbox 0 0 2404 6194; baseline 0 12"><span class='ocrx_word' id='word_1_228' title='bbox 0 0 2404 6194; x_wconf 95' lang='lat' dir='ltr'> </span> 
     </span>
    </p>
   </div>
  </div>
 </body>
</html>
