4848 6194
1178 577 1227 658 ³9

358 776 395 834 et
425 758 619 834 maculoso
659 757 875 854 conllunnt,
913 761 1161 864 inaequaliter
1198 759 1383 864 impletur.
1435 766 1567 840 Venae
1601 765 1783 867 sanguine
1811 766 1982 870 disperso
2011 781 2049 840 et

352 915 449 1016 plus,
475 915 598 990 minua
624 932 769 991 mutato
796 933 966 1011 scatent,
994 917 1059 1020 qui
1085 913 1227 992 tardius
1255 916 1562 1018 decomponitur,
1589 938 1628 996 et
1653 919 1693 994 in
1720 919 1869 1021 agmina
1895 907 2045 1021 sparsa,

350 1094 437 1144 aero
463 1093 601 1172 spureo
627 1072 773 1162 cincta,
797 1070 886 1144 abit.
938 1070 980 1145 Si
1005 1050 1353 1172 metamorphosea,
1378 1069 1442 1147 hic
1466 1069 1627 1166 relatae,
1655 1072 1694 1146 in
1721 1045 1900 1147 ambitum
1924 1072 2046 1146 mino·

348 1239 538 1297 remeunt
560 1223 770 1316 restrictae,
796 1247 1051 1323 gangraenam
1067 1224 1264 1320 exhibent3
1287 1249 1401 1326 super
1425 1242 1543 1300 totum
1557 1251 1648 1301 vero
1674 1251 1861 1328 expansae
1877 1227 2046 1328 organis·

350 1402 463 1467 mum,
486 1392 622 1451 statum
646 1403 821 1453 rasorum
845 1393 932 1478 post
956 1395 1115 1453 mortem
1140 1363 1321 1470 indicant,
1347 1379 1460 1453 aienti
1484 1379 1819 1482 metamorphoses,
1846 1381 1885 1453 in
1909 1379 2045 1494 stadiis

283 1501 286 1510 Ι
346 1528 538 1630 prioribus
554 1530 744 1625 inductae,
760 1530 793 1606 ai
815 1547 936 1607 totum
964 1557 1164 1634 aggressae
1182 1550 1271 1610 aunt
1296 1525 1561 1634 organiamnm,
1579 1532 1835 1612 sebriastadia
1850 1531 2038 1606 exhibent.

261 1741 343 1824 167.
510 1737 871 1840 Metamorphosium
896 1739 1158 1834 characteres,
1186 1765 1282 1842 qaros
1307 1739 1443 1832 retuli,
1478 1765 1558 1814 non
1582 1765 1654 1843 pro
1687 1739 1760 1813 bac
1792 1735 1853 1812 rel
1889 1734 1954 1816 illa
1986 1738 2043 1808 in·

346 1886 619 1984 flammatione,
647 1917 745 1994 quac
772 1911 835 1968 aut
860 1893 1009 1996 topica,
1043 1911 1108 1968 aut
1131 1893 1236 1996 plus,
1265 1893 1392 1968 minua
1426 1883 1591 1996 expansa
1626 1911 1701 1985 est,
1736 1891 1860 1986 valet,
1885 1888 1956 1965 'aad
1989 1891 2045 1964 nil

215 2125 221 2138 ⁸
344 2069 458 2144 qrram
482 2043 639 2120 normae
665 2063 769 2140 sunt,
794 2045 893 2122 inter
918 2073 1013 2148 quaa
1048 2072 1187 2123 omncs·
1213 2046 1527 2122 inflammationes
1560 2046 1762 2121 morbosae
1793 2047 1928 2145 jacent.
1981 2047 2042 2118 ln·

344 2195 551 2273 flammatio
575 2224 647 2299 pro
673 2197 827 2292 ambitu,
851 2199 891 2272 in
917 2225 1030 2300 quem
1057 2225 1080 2274 a
1104 2199 1193 2275 loco
1218 2199 1324 2276 laeso
1351 2202 1573 2294 extenditur,
1599 2215 1666 2273 aut·
1686 2200 1806 2298 magia
1832 2197 2042 2274 characteri

343 2347 650 2426 inflammationis
674 2353 844 2455 topicae,
871 2369 936 2426 aut
961 2353 1017 2426 illi
1045 2377 1233 2455 expansae
1253 2353 1379 2428 dictae
1401 2321 1569 2444 accedit,
1594 2370 1633 2426 et
1656 2351 1827 2454 plurimis
1850 2351 2040 2427 varictati-

338 2499 409 2577 bus
436 2504 534 2578 inter
559 2503 643 2582 illas
668 2521 860 2597 versatur,
888 2530 987 2607 quae
1012 2507 1051 2580 in
1078 2506 1333 2608 experimenta
1351 2503 1692 2606 singulo'diversae
1706 2505 1830 2598 ,bene
1855 2523 1943 2580 aunt
1966 2529 2038 2580 no·
2079 2499 2083 2508 “

336 2656 487 2732 candae.
538 2659 665 2733 Motus
691 2659 864 2735 conditio
890 2663 1048 2736 amussis
1075 2679 1158 2754 est,
1185 2658 1393 2737 secundum
1421 2684 1533 2760 quam
1559 2658 1803 2734 inflammatio
1831 2676 1895 2733 aut
1930 2659 2039 2750 buie‘,

341 2830 406 2886 aut
434 2808 491 2885 illi
517 2811 660 2914 speciei
685 2813 803 2911 magis
829 2811 1113 2890 adnumeranda
1138 2833 1207 2890 est.
1257 2815 1383 2887 Motus
1409 2813 1602 2912 sanguinis
1627 2813 1782 2914 rapidus
1816 2812 2039 2911 colongias
2127 2867 2132 2880 ,

329 2965 533 3069 perdurat,
558 2965 662 3040 unda
687 2963 881 3063 sanguinis
908 2991 955 3040 eo
980 2967 1106 3041 minor
1131 2967 1191 3059 lit,
1215 2983 1253 3040 et
1278 2982 1418 3058 stasea,
1451 2963 1607 3038 tandem
1641 2965 1805 3056 accitae,
1841 2989 1889 3040 eo
1924 2965 2035 3040 diffu-

331 3121 452 3194 siores
476 3135 589 3212 aunt,
623 3143 698 3218 quo
724 3117 844 3218 magis
871 3117 1115 3195 inflammatio
1142 3133 1202 3194 eat
1236 3143 1421 3218 expansa3
1447 3116 1517 3191 sed
1544 3136 1669 3193 motus
1695 3143 1743 3192 eo
1770 3119 1881 3193 eitius
1914 3135 2034 3192 retar-

335 3272 463 3365 datur,
489 3270 592 3346 unda
616 3271 731 3373 plena
755 3287 892 3390 restat,
920 3289 959 3346 et
989 3291 1109 3348 stares
1141 3289 1298 3374 paratae
1333 3296 1380 3346 eo
1416 3273 1780 3374 circumscriptiones
1814 3288 1920 3363 aunt,
1956 3299 2034 3372 qno

282 3469 289 3476 -
330 3426 450 3530 magis
477 3424 527 3498 ad
551 3425 678 3530 locum
701 3439 843 3500 tactum
874 3423 1025 3499 affectio
1059 3426 1232 3500 restricta
1259 3443 1326 3500 est.
1378 3431 1612 3502 Momentum
1636 3425 1774 3526 igitur,
1808 3450 1886 3525 quo
1909 3442 2033 3499 motus

331 3580 488 3682 rapidus
518 3577 643 3654 subito
670 3575 896 3678 infrangitur
922 3594 960 3650 et
982 3575 1213 3672 retardatur,
1240 3579 1409 3680 insigne,
1447 3579 1550 3653 etin
1573 3575 1745 3680 quolibet
1778 3573 2032 3677 experimento
2075 3671 2109 3691 ‘A

327 3736 487 3810 manate
515 3730 833 3808 considerandum
859 3749 928 3806 est.
979 3734 1025 3805 In
1050 3712 1238 3826 eobitide',
1273 3732 1314 3806 in
1346 3756 1423 3834 qua
1454 3730 1674 3808 affectiones
1707 3755 1787 3804 non
1818 3727 1932 3804 facile
1967 3755 2028 3804 er·

325 3888 565 3992 panduntur,
597 3903 830 3962 momentum
860 3885 1130 3963 retardationis
1159 3899 1353 3987 nunquam
1383 3885 1499 3986 longe
1533 3895 1749 3979 cunctatur,
1781 3909 1854 3959 nec
1878 3909 1958 3959 non
1974 3886 2025 3960 ⁴in

326 4043 479 4142 organis
505 4041 721 4117 secretariis
746 4057 870 4118 motus
886 4039 1043 4144 rapidus
1062 4041 1140 4117 cito
1158 4040 1405 4141 infrangitur-rr
1432 4067 1558 4142 quum,
1581 4036 1718 4116 eodem
1743 4035 1883 4112 inllurn
1909 4063 2023 4138 agen·

326 4213 383 4289 te,
410 4197 452 4268 in
477 4193 702 4270 animalibus
727 4191 1035 4296 generosioribus
1059 4209 1098 4268 et
1122 4193 1212 4299 aliis
1233 4197 1385 4296 organis
1408 4210 1640 4270 momentum
1661 4184 1931 4268 retardationis
1943 4216 2022 4266 sae·

324 4374 376 4452 pe
400 4346 510 4425 valde
537 4345 731 4424 differatur
755 4367 817 4447 et,
837 4346 1040 4425 affectione
1062 4366 1134 4452 per
1156 4367 1277 4425 totum
1302 4369 1465 4454 systema
1489 4347 1736 4452 sanguineum
1761 4369 1936 4449 expanso,
1962 4345 2023 4420 vir

326 4519 574 4606 exspectetur.

234 4705 317 4790 168·
462 4712 846 4818 ·Metamorphoairrm
871 4711 1083 4818 systematis
1108 4713 1305 4814 sanguinei
1332 4713 1372 4786 in
1399 4711 1523 4786 stadio
1549 4709 1757 4786 invasionis
1782 4709 1939 4812 synopsi
1957 4733 2018 4784 re·

317 4869 412 4965 lata,
438 4892 485 4946 ex
518 4858 854 4974 experimentorum
887 4866 1048 4944 historia
1081 4865 1353 4980 ipsarum,1an
1387 4863 1534 4940 illarum
1569 4863 1671 4965 leges
1703 4865 1801 4964 juste
1827 4880 1866 4937 et
1888 4861 2012 4938 fauste
