4838 6192
1166 607 1234 667 tot

367 794 575 885 tensionis,
600 789 647 891 b)
666 793 828 866 stadium
856 795 1100 886 incrementi,
1127 797 1166 886 c)
1192 783 1669 893 stadium'pertmhationis
1681 823 1694 890 5
1720 791 1765 891 d)
1786 792 1950 869 stadim!
1979 809 2055 868 sta·

363 969 464 1020 scos.
515 945 864 1045 Metamorphoses,
904 969 998 1042 quas
1022 963 1185 1044 systema
1217 911 1463 1044 sanguineum
1498 949 1538 1020 in
1574 948 1724 1022 ‹liverso
1750 945 2056 1026 inflammationis

367 1097 509 1172 ambitu
533 1097 693 1198 patitur,
730 1097 938 1172 secumdum
967 1097 1091 1172 stadia
1116 1117 1328 1174 memorata
1352 1098 1458 1192 ἰῆς
1487 1115 1555 1196 159
1572 1139 1624 1156 -
1642 1098 1903 1187 rotbreriter
1928 1097 2056 1195 dispo·

363 1275 457 1324 nere
482 1252 638 1327 tentavi.

277 1447 365 1511 tot.
536 1433 579 1504 0.
604 1427 851 1528 Largissimns
876 1431 1098 1504 varietatum
1129 1429 1216 1504 lons
1252 1431 1293 1500 in
1311 1427 1552 1520 conditione,
1581 1451 1693 1527 quam
1714 1429 1859 1528 singula
1875 1447 2055 1530 systema·

364 1584 414 1656 tis
440 1582 638 1681 sanguinei
663 1607 807 1680 organa
822 1585 863 1656 in
892 1583 1489 1684 quocunquemetamorphosium
1520 1582 1644 1654 stadio
1666 1599 1705 1654 et
1729 1580 1870 1654 ambitu
1898 1583 1997 1654 inter
2013 1605 2055 1652 se

368 1752 540 1826 servant,
568 1733 691 1808 adhuc
720 1735 959 1834 quaerendus
975 1753 1042 1811 est.
1079 1729 1176 1809 Nam
1189 1699 1344 1809 'diversa
1362 1703 1573 1832 systematis
1599 1731 1796 1830 sanguinei
1821 1759 1963 1832 organa
1975 1758 2056 1807 non
2117 1808 2122 1816 ,

364 1911 443 1958 uno
470 1851 681 1986 eodemque
697 1873 814 1986 gradu
841 1907 1002 1964 cunctae
1030 1913 1178 1988 semper
1201 1885 1428 1962 evolvuntur.
1460 1895 1466 1900 “
1498 1883 1834 1962 (innutantissime
1862 1843 2075 1985 sanguinis·

365 2037 497 2111 circuli
519 2041 842 2140 metamorphoses
869 2057 975 2132 sunt,
1003 2040 1212 2115 secundum
1233 2063 1327 2138 quas
1361 2038 1474 2110 etiam
1503 2034 1626 2109 stadia
1655 2038 1892 2137 potissimum
1923 2037 2055 2112 distin·

281 2185 288 2202 ’
365 2207 531 2290 guantur
552 2207 591 2264 et
619 2193 874 2292 designantur.
900 2193 1279 2290 Unaenmsanguinis
1306 2191 1448 2266 circulo
1464 2214 1614 2288 semper
1632 2190 1745 2262 etiam
1770 2189 1895 2262 undae
1913 2207 1953 2262 et
1972 2215 2058 2266 san.

364 2343 488 2438 guinis
509 2343 783 2420 disurltutionis
809 2344 1049 2450 conditiones
1067 2361 1274 2418 mutantur.
1322 2343 1648 2441 'llletamorphoses
1673 2341 1857 2440 parietum
1870 2364 2057 2418 rarorum

360 2493 437 2589 jam
464 2495 782 2571 inconstantiores
806 2515 904 2572 suut.
955 2497 1108 2570 indoles
1129 2521 1219 2572 vero
1244 2497 1437 2595 sanguinis
1465 2513 1578 2596 atque
1600 2494 1902 2596 parenchymatis
1930 2497 2057 2571 dir'er«

362 2645 509 2720 sissimo
535 2649 652 2722 modo
670 2651 923 2741 modificatur,
987 2653 1198 2724 etmaxime
1223 2653 1348 2725 varios
1374 2675 1447 2750 pro
1484 2648 1645 2736 inlluxu,
1690 2636 1759 2746 'qui
1796 2649 1892 2745 egit,
1936 2649 2061 2722 induit

318 2818 323 2829 ·
362 2797 613 2874 characteres.
666 2803 743 2874 Sed
779 2803 819 2872 in
857 2801 1120 2900 experimentis
1151 2804 1246 2875 meis
1277 2802 1610 2874 inflammationuru
1640 2800 1865 2888 varietates,
1906 2827 2005 2898 quae
2030 2827 2058 2876 a

359 2949 585 3024 modificata
609 2969 649 3026 et
674 2952 857 3054 peculiari
882 2953 1074 3052 sanguinis
1099 2971 1212 3054 atque
1229 2953 1532 3054 perenchymatis
1559 2950 1689 3024 indole
1707 2951 1969 3049 mergebant,
1987 2953 2058 3026 ¹rix

360 3103 539 3200 cognovi,
565 3105 717 3177 minime
744 3129 836 3178 vero
860 3104 1024 3178 distinxi.
1081 3107 1257 3178 Attamen
1283 3105 1323 3175 in
1353 3103 1481 3177 indole
1498 3103 1684 3203 peculiari
1708 3101 1901 3204 sanguinis
1925 3121 1965 3177 ct
1990 3131 2059 3208 pa·

370 3255 622 3354 renchymatis
644 3255 977 3331 inflammatiouum
1015 3257 1290 3359 specificatum,
1328 3257 1483 3356 proprie
1510 3257 1566 3330 sic
1600 3256 1803 3346 dictarum,
1841 3255 2059 3332 discrimina
2208 3327 2215 3334 .

365 3407 492 3504 posita
516 3411 599 3480 es‘se
623 3407 715 3480 milri
739 3409 925 3484 videntur.

276 3585 364 3651 ⁴⁰5·
533 3583 673 3662 Causas
715 3588 919 3689 explicavi,
971 3611 1068 3685 quae
1102 3585 1438 3660 inflammationum
1486 3603 1524 3658 et
1572 3581 1691 3658 febris
1731 3587 2053 3698 metamor-phasea
2105 3617 2112 3627 ·

263 3779 270 3792 ·
355 3753 433 3807 tam
457 3737 680 3812 multifarias
704 3740 878 3815 reddant.
931 3742 1042 3814 Nunc
1073 3739 1305 3840 singulatim,
1338 3757 1518 3839 quantum
1541 3761 1613 3838 pro
1648 3737 1912 3837 experimentis
1945 3737 2056 3812 iusti·

359 3891 449 3964 tutis
474 3887 603 3983 valeo,
631 3891 892 3968 demonstrare
916 3893 1093 3988 tentabo,
1119 3892 1314 3993 morundo
1329 3892 1541 3995 systematis
1558 3890 1756 3992 sanguinei
1773 3891 2052 3994 metamorpho-

359 4067 420 4116 ses
448 4043 489 4113 in
514 4042 809 4121 inflammatione
833 4047 982 4150 topica,
1008 4049 1049 4118 in
1074 4045 1157 4138 illa,
1183 4072 1281 4146 quae
1296 4046 1382 4149 plus
1389 4101 1403 4142 ,
1427 4048 1551 4119 minus
1570 4067 1734 4145 expansa
1751 4060 1829 4135 est,
1859 4061 1898 4117 et
1912 4045 1952 4116 in
1969 4042 2053 4118 leb·

358 4223 401 4271 rc
416 4199 624 4274 secundum
640 4199 761 4298 leges,
782 4223 883 4297 quas
906 4196 1068 4291 tradidi,
1094 4197 1370 4276 modificentur.

274 4417 374 4500 406,·
532 4423 565 4480 1.
590 4406 922 4483 lnilammatio
947 4406 1174 4485 morbosa
1197 4409 1381 4510 t'opica.

420 4603 425 4610 “
522 4586 771 4664 Inflammatio
798 4587 975 4664 morbosa
1000 4589 1129 4690 topica
1152 4589 1193 4662 iu
1218 4587 1326 4680 loeo,
1354 4584 1402 4660 ab
1428 4585 1567 4661 influxu
1596 4581 1794 4660 morbifico
1815 4545 1947 4675 tacto,
1964 4583 2049 4658 solo

361 4739 511 4831 haeret,
537 4765 610 4814 nec
637 4741 742 4814 illum
772 4743 929 4816 excedit
980 4746 1024 4815 In
1050 4741 1346 4814 inflammatione
1382 4740 1563 4816 morbosa
1592 4738 1722 4843 topica
1741 4735 1903 4838 primum
1926 4751 2051 4811 motus

362 4893 556 4991 sanguinis
581 4895 833 4988 acceleratur,
860 4895 929 4970 sed
950 4921 1036 4974 mox
1053 4895 1265 4968 retardatur
1288 4910 1327 4966 et
1340 4892 1392 4966 ad
1405 4895 1535 4968 stasim
1552 4893 1685 4993 vergit.
1727 4891 1840 4967 Unda
1858 4889 2054 4990 sanguinis
