4838 6192
1103 558 1233 622 181

361 745 568 842 'turbatus-3
607 773 684 850 quo
710 747 769 838 fit,
804 731 859 820 'ut
884 747 1036 824 canales
1066 747 1130 822 olii
1155 746 1338 844 sanguine
1362 763 1607 840 evacuentur,
1640 747 1681 822 in
1710 747 1794 824 aliis
1819 775 1910 826 vere
1934 767 2055 852 333333

373 897 566 1000 dispersae
591 900 825 1000 ema-gant
865 902 1007 976 Mirum
1032 917 1089 974 est
1112 900 1434 1000 phaenomeumu,
1460 925 1704 1000 quascunque
1728 903 2053 1004 metamorphoses

371 1047 413 1122 in
438 1041 733 1152 ekmoeiptis
758 1069 797 1126 et
820 1051 977 1150 singulis
1002 1051 1170 1150 incipere
1195 1048 1310 1142 locis,
1346 1049 1420 1142 ita,
1468 1069 1513 1124 ut
1547 1051 1588 1124 iu
1622 1051 1821 1127 3333313133
1854 1056 2054 1154 provincie

369 1199 489 1300 grumi
513 1201 589 1276 sint
612 1201 928 1302 frequentissimi,
963 1220 1054 1286 tuno
1082 1200 1298 1278 distributio
1332 1201 1525 1299 sanguinis
1550 1219 1589 1274 et
1610 1221 1735 1278 motus
1761 1207 1844 1302 ipse
1878 1207 1971 1283 daut
1994 1211 2054 1282 in·

365 1353 555 1452 aequales,
567 1353 773 1430 imostases
788 1357 981 1456 dispersae
995 1355 1228 1452 contingant,
1253 1352 1342 1425 dum
1364 1355 1564 1428 arteriolae
1579 1354 1771 1454 proximae
1794 1362 1991 1458 provincis
2011 1365 2052 1436 iu

229 1603 234 1612 υ
361 1505 494 1605 primis
516 1508 640 1585 adhue
657 1529 827 1590 versetur
849 1503 1368 1609 memmorphosiumstadiis3
1393 1529 1466 1577 nee
1484 1531 1608 1578 rarum
1617 1525 1692 1600 est,
1708 1527 1852 1584 mounu
1875 1513 1917 1586 in
1933 1517 2053 1613 vasis,

368 1661 558 1740 evtemtis
581 1687 650 1739 seu
673 1663 835 1738 statibus
861 1661 1007 1740 obrutis
1014 1713 1028 1751 ,
1052 1683 1123 1781 per
1146 1657 1291 1756 aliquot
1313 1674 1461 1758 tempus
1486 1658 1620 1770 iterum
1642 1661 1802 1755 restitai

274 1945 360 2012 320·
526 1901 625 1972 Dum
644 1899 741 1975 13333
759 1899 1025 2001 phaenomena
1047 1895 1087 1966 in
1103 1893 1203 1968 vasis
1224 1893 1442 1968 mesenterii
1459 1913 1708 1995 peraguntur,
1758 1921 1850 1973 vasa
1873 1903 2052 1981 33333331-

362 2051 788 2128 eaettubiiutestinalis
811 2051 1012 2152 pristinam
1042 2047 1214 2120 habimus
1232 2065 1273 2122 et
1296 2066 1485 2146 turgorem
1506 2065 1545 2122 et
1565 2049 1726 2122 arteriae
1742 2048 2041 2128 loeomotiouem
2094 2091 2103 2118 v

359 2205 487 2281 adhue
503 2225 674 2303 servant3
713 2206 822 2282 color
847 2229 938 2280 vero
965 2201 1066 2274 laete
1084 2200 1211 2274 ‘ruber
1248 2202 1289 2274 in
1327 2198 1650 2276 eomaleseentem
1684 2158 1825 2276 sensim
1849 2205 1985 2278 3333313
2008 2224 2049 2280 33

356 2373 489 2459 angor
509 2359 646 2436 333133.
704 2359 766 2433 Ad
796 2357 879 2432 ruhi
919 2355 1146 2430 intestinalis
1179 2355 1415 2456 superficiem
1442 2378 1569 2428 serum
1594 2351 1789 2452 quoddam
1817 2354 2048 2455 pellucidum

361 2510 538 2605 umdst,
565 2511 688 2614 qaod,
717 2511 758 2586 iu
791 2527 914 2612 guttas
934 2510 1155 2600 collectan,
1182 2507 1309 2583 stillat.
1656 2521 1661 2528 '

266 2775 353 2844 321,
522 2749 722 2848 Temporis
747 2747 944 2824 intervallo
963 2765 1183 2840 consumto,
1207 2737 1566 2842 metamorphosim
1593 2745 1747 2842 turbae,
1773 2749 1814 2824 iu
1838 2753 1937 2828 vasis
1964 2779 2043 2832 me·
2160 2812 2161 2815 ,

356 2898 518 2972 senterii‘
536 2900 697 3000 sparsim
727 2916 852 2994 artae,
877 2900 998 3002 magis
1025 2899 1221 3000 magisque
1249 2893 1505 2994 divulgantur,
1532 2912 1570 2969 et
1588 2913 1708 2971 totam
1726 2905 1944 2999 mesenterii
1972 2933 2036 2982 su·

354 3049 566 3156 perficiem,
590 3049 669 3126 aeri
694 3053 927 3154 expositam,
958 3054 1071 3127 variis
1097 3049 1274 3152 gradibus
1300 3046 1454 3119 tandem
1493 3027 1691 3150 oocupant.
1743 3051 1937 3131 Postremo
1965 3085 2046 3134 om.

353 3227 424 3277 nes
444 3203 597 3278 canales
620 3187 807 3300 minores,
833 3233 906 3280 nee
936 3231 1014 3280 non
1031 3204 1196 3302 majores
1215 3199 1399 3299 sanguine
1417 3219 1644 3274 evacuantur
1676 3222 1716 3276 et
1740 3221 1859 3284 stases
1879 3209 2042 3312 pallidae

354 3352 546 3456 dispersae
570 3357 867 3458 conspiciuntur.
892 3357 971 3430 Sed
998 3356 1048 3430 ad
1078 3353 1191 3425 linem
1205 3377 1326 3452 usque
1340 3367 1463 3424 motus
1479 3351 1738 3452 rapidissimus
1764 3377 1903 3438 manet.
1934 3365 2039 3466 Quae

281 3607 286 3620 Ι
351 3508 674 3613 metamorphoses
695 3508 784 3581 dnm
802 3509 999 3612 in'parte,
1050 3509 1129 3583 aiiri
1157 3496 1346 3606 exposita,
1372 3501 1635 3602 perficiuntur,
1661 3515 2037 3610 partesmesenterii,

354 3660 525 3737 noudum
546 3678 781 3762 praa-amm,
815 3662 856 3734 in
891 3662 1023 3763 primis
1048 3624 1264 3734 affectionis
1291 3655 1423 3732 stadiis
1444 3655 1567 3730 adhue
1587 3678 1802 3754 versantur3
1836 3663 1885 3738 ad
1914 3671 2039 3742 aerem

352 3841 442 3889 vero
461 3816 668 3916 repetitae,
694 3815 771 3890 cito
789 3813 840 3889 ad
857 3820 1019 3889 eundem
1035 3784 1395 3924 metamorphosim
1411 3811 1566 3910 gradum
1581 3781 1844 3910 pervelruntur.
1868 3815 2038 3893 Tandem

350 3993 421 4070 per
446 3969 575 4041 omnia
596 3992 686 4043 vasa
702 3966 915 4042 affectionis
935 3970 1174 4044 vehementia
1201 3965 1440 4066 expanditur,
1474 3981 1513 4037 et
1538 3985 1714 4038 vasorum
1741 3968 2034 4044 mesaraicorum

353 4145 508 4221 quoque
531 4120 770 4222 intercipitur
790 4121 950 4225 impetus
957 4149 974 4216 ς
996 4123 1093 4194 haee
1118 4085 1377 4210 collabuntur,
1401 4131 1440 4190 et
1454 4113 1651 4190 livesrmrt.

262 4379 349 4448 522.
516 4355 668 4430 Aulmd
694 4357 864 4434 moritur.
914 4360 957 4430 ln
977 4355 1133 4430 331333Ιί
1146 4366 1294 4428 mortuo
1318 4349 1400 4458 iere
1421 4351 1548 4429 omnia
1572 4350 1789 4424 mesenterii
1814 4377 1903 4430 vasa
1918 4357 2035 4458 prop·

350 4503 408 4580 ria
422 4531 539 4582 raeoa
562 4525 659 4584 sunt.
687 4513 784 4582 Tum
800 4511 914 4584 edam
929 4509 1059 4583 tubum
1076 4507 1330 4584 intestiualem
1354 4504 1477 4608 ipsum
1497 4521 1772 4605 perscrutatus,
1798 4531 1872 4580 nee
1886 4508 1927 4580 in
1942 4507 2035 4584 1133·

256 4651 260 4658 ’
348 4660 425 4746 ris,
467 4683 542 4732 nee
556 4659 596 4736 iu
634 4677 752 4736 strato
773 4662 973 4738 vasculoso
997 4661 1148 4736 3333133
1176 4663 1341 4734 minores
1366 4657 1549 4755 sanguine
1581 4637 1785 4748 inlarctos,
1824 4655 1893 4732 sed
1914 4673 2036 4738 333333

350 4834 499 4910 sparsas
523 4827 563 4886 et
578 4811 618 4884 in
647 4815 794 4913 majora
814 4837 904 4890 vass
927 4817 1162 4916 potissimum
1192 4812 1373 4888 collectas
1408 4833 1491 4884 esse
1525 4805 1666 4883 inveni.
1720 4805 1802 4883 llice
1833 4833 1913 4886 nou
1943 4835 2031 4888 vasa

1265 4983 1305 5044 tt
