4848 6194
1198 643 1217 712 5

362 846 525 920 infracta
551 837 712 920 oscillat.
766 837 903 916 Subito
928 837 1083 913 tandem
1109 855 1306 940 superatur
1331 851 1370 910 ct
1394 835 1614 926 revertitur}
1655 837 1781 912 munci
1812 859 1902 915 roro
1936 837 2063 916 undae

360 1001 531 1098 reliquae
560 1013 774 1099 superatam
796 1011 1017 1094 sequuntur,
1045 1010 1083 1068 et
1107 992 1175 1066 tali
1200 992 1316 1067 modo
1343 987 1549 1068 arulneris
1565 989 1665 1064 ostio
1691 989 1922 1072 derivantur.
1951 997 2065 1076 'Pane

363 1111 518 1254 sanguis
542 1152 668 1227 trunci
691 1145 874 1252 relinquit
896 1165 1063 1252 partem,
1091 1171 1189 1248 quae
1215 1149 1314 1222 inter
1338 1171 1483 1220 ramum
1508 1142 1832 1232 anastomoticum
1848 1164 1889 1222 et
1927 1145 2061 1226 vulnus

364 1311 485 1410 jacet,
512 1331 585 1382 nec
611 1307 651 1382 in
676 1303 780 1378 illam
803 1303 963 1406 amplius
989 1304 1122 1396 intrat,
1149 1301 1242 1378 licet
1271 1301 1412 1378 lumine
1437 1300 1518 1376 biet
1551 1315 1698 1404 aperto.
1749 1301 1840 1376 Pars
1877 1302 2003 1377 munci
2040 1325 2063 1376 a

361 1462 556 1564 sanguinis
580 1458 746 1562 globulis
772 1459 893 1536 vacat

289 1662 358 1732 αι.
527 1640 727 1742 Singulare
751 1639 865 1718 nobis
891 1643 939 1716 ad
965 1641 1164 1744 angulum,
1190 1642 1231 1716 in
1274 1665 1351 1740 quac
1392 1638 1567 1740 sanguis,
1604 1637 1734 1716 lumen
1771 1637 1896 1714 trunci
1926 1637 2065 1714 resecti

363 1815 535 1898 apertum
560 1821 762 1898 spernens,
786 1795 826 1868 in
849 1819 996 1868 ramum
1019 1795 1335 1872 anastomoticnm
1361 1791 1584 1887 deflectitur,
1612 1795 1778 1870 occurrit
1794 1792 2064 1896 spectaculum.

364 1953 463 2027 Nam
488 1949 635 2052 globuli
661 1949 711 2024 ad
738 1951 915 2052 angulum
929 1950 1092 2053 appulsi,
1119 1950 1229 2052 tpaasi
1255 1948 1692 2062 tortice‘corripiuntnr,
1719 1960 1771 2040 nt,
1796 1947 1924 2022 lumen
1941 1945 2066 2020 aunei

364 2103 477 2178 bians
505 2105 700 2196 evitantes,
723 2102 763 2176 ia
788 2129 933 2178 ramum
957 2104 1118 2179 redeant
1141 2106 1265 2179 minus
1292 2104 1457 2182 obvium.
1500 2105 1694 2220 intertium
1720 2099 1905 2202 globulus,
1932 2123 1954 2174 e
1982 2124 2067 2173 vor·

364 2257 442 2333 ¹tice
460 2281 604 2351 evasus,
630 2257 859 2334 intruncum
872 2283 1031 2334 vacuum
1058 2229 1263 2364 intruditur
1272 2287 1285 2354 5
1312 2259 1381 2336 sed
1407 2259 1498 2352 cito,
1526 2259 1634 2360 quasi
1661 2254 1829 2330 criminis
1856 2267 2066 2342 accusatus,

362 2409 528 2486 reditum
557 2437 755 2514 quaerens,
783 2438 806 2488 a
832 2413 976 2487 vortice
1003 2413 1138 2487 iterum
1166 2413 1362 2516 abripitur.
1389 2451 1441 2468 --
1467 2407 1545 2511 (Αὰ
1570 2409 1656 2484 talis
1683 2408 1838 2486 vorticis
1863 2404 2067 2506 margines,

370 2593 486 2668 quum
512 2565 656 2668 globuli
681 2564 820 2668 singuli
844 2592 915 2669 per
951 2567 1101 2670 longius
1144 2591 1260 2672 saepe
1298 2567 1510 2640 retinentur
1550 2581 1722 2668 tempus,
1767 2559 2067 2666 perscrutandae

367 2723 518 2797 illorum
543 2739 726 2814 naturae,
754 2722 874 2796 otium
898 2721 1036 2818 adest.)

287 2917 339 2986 22
504 2901 790 3012 Haemorrhoea
824 2903 996 3004 placata,
1021 2899 1188 2976 thrombi
1214 2899 1436 2976 formantur.
1463 2899 1676 2976 Tbrombas
1703 2917 1877 2974 externus
1904 2897 1952 2971 ab
1988 2893 2066 2988 illo,

372 3055 439 3157 qui
464 3055 514 3130 ad
539 3056 704 3132 vulneris
730 3055 862 3157 puncti
888 3057 1027 3130 ostium
1052 3072 1245 3128 externum
1271 3057 1408 3148 oritur,
1434 3055 1538 3129 baud
1564 3054 1699 3129 differt.
1750 3049 2068 3126 Thrombusrero

361 3210 535 3282 internus
561 3207 773 3284 levissimus
802 3227 878 3296 est,
906 3209 1015 3309 eujus
1041 3210 1252 3308 margines,
1301 3211 1358 3282 uti
1391 3208 1549 3300 nebula,
1588 3209 1802 3284 debiscunt.
1866 3205 2070 3305 Reliquum

362 3362 489 3435 trunci
514 3361 642 3434 lumen
667 3363 829 3435 materia
854 3333 982 3460 aliqua
1006 3361 1206 3460 pellucida,
1235 3361 1350 3435 fluida
1377 3363 1571 3462 impletum
1599 3388 1682 3438 esse
1709 3363 1876 3454 videtur,
1904 3359 1952 3434 de
1993 3381 2070 3460 qua

363 3539 478 3606 vero,
504 3539 622 3614 quum
646 3513 820 3614 conspici
843 3535 923 3585 non
960 3513 1100 3612 possit,
1126 3513 1267 3586 certius
1293 3515 1485 3616 suspendo
1511 3513 1706 3613 judicium.

1106 3643 1273 3660 ffl

281 3757 344 3821 23,
523 3723 626 3798 Vasa
654 3721 803 3795 minora
814 3718 939 3794 recisa
955 3719 1089 3794 eadem
1105 3718 1145 3792 iu
1171 3745 1310 3818 genere
1332 3719 1510 3796 exhibeat
1524 3719 1752 3823 placationis
1768 3717 2066 3793 haemorrboeae

361 3877 626 3978 phaenomena
652 3891 693 3972 et
717 3874 874 3976 singulis
901 3874 1023 3951 solam
1049 3871 1227 3950 differunt
1253 3873 1553 3952 conditionibus.

289 4091 354 4157 24,
524 4060 627 4135 Vasa
637 4057 842 4161 capillaria,
866 4058 1001 4150 recisa,
1012 4059 1072 4133 rix
1082 4047 1226 4159 aliquot
1237 4056 1428 4158 sanguinis
1443 4055 1605 4158 globulis
1622 4057 1778 4149 emissis,
1797 4057 1873 4158 jam
1885 4079 2069 4132 aracusa·

357 4228 439 4303 tarr,
468 4227 506 4284 ot
536 4211 650 4286 vidua
679 4227 844 4305 restant,
907 4237 1022 4312 quum
1046 4209 1200 4314 sanguis
1233 4211 1355 4288 libere
1405 4237 1476 4316 per
1524 4207 1677 4290 canales
1719 4211 1867 4288 ricinos
1906 4209 2069 4286 normali

361 4364 522 4442 circulat
548 4363 723 4440 decursu.

292 4587 356 4652 25,
526 4549 715 4622 Venarum
742 4563 781 4624 et
808 4548 1029 4624 arteriarum
1055 4549 1239 4626 Cobitidis
1266 4567 1497 4624 resectarum
1543 4550 1757 4626 contractio
1805 4565 1843 4623 et
1887 4547 2067 4623 retractIo
2175 4571 2181 4580 ·

362 4702 515 4803 exigua,
542 4703 840 4784 haemorrboeae
866 4705 1027 4808 impetus
1064 4706 1236 4782 modicus
1272 4724 1356 4798 est,
1397 4724 1435 4780 et
1460 4707 1538 4780 cito
1576 4706 1722 4810 placari
1764 4702 1874 4780 solet.
1946 4703 2068 4804 Quum

360 4883 479 4959 porro
509 4883 684 4935 rasorum
711 4859 835 4934 trunci
860 4858 1053 4934 inferioris
1080 4879 1341 4936 anastomoses
1369 4877 1456 4935 sunt
1484 4861 1658 4962 exiguae,
1686 4856 1968 4932 haemorrbnea
1999 4877 2069 4957 per
2141 4901 2151 4908 -

363 5010 484 5085 stasin
509 5011 672 5112 judicari
698 5013 815 5106 solet,
857 5041 956 5114 quae
990 5015 1142 5092 canales
1177 5013 1342 5092 infercit.
1411 5015 1495 5090 Nec
1538 5016 1661 5089 minus
1701 5012 1827 5088 trunci
1863 5007 2071 5113 superioria
