4838 6192
1206 603 1252 684 86

299 827 385 914 sap.
549 777 794 913 A'depositis
817 823 855 882 et
879 805 1040 882 fortasse
1067 805 1178 880 etiam
1206 829 1251 878 ex
1278 801 1405 888 indole
1429 809 1603 910 propria,
1657 807 1789 884 morbo
1815 828 1973 904 mutatu,
2001 837 2078 886 me·

388 962 543 1038 senterii
569 953 804 1052 membrana,
852 959 950 1036 alias
974 957 1287 1061 pellucidissiraa,
1310 1053 1312 1058 ι
1338 984 1441 1035 nuuc
1466 978 1665 1064 opacatur,
1715 963 1898 1064 opulescit
1936 982 1973 1038 et
1996 991 2073 1040 ma·

367 1113 484 1192 -culis
508 1115 634 1189 obsita
659 1105 741 1188 est.¹

297 1281 382 1346 ³40·
549 1271 644 1342 Dum
659 1271 753 1344 haec
766 1271 1028 1371 phaenomena
1041 1263 1314 1352 inmoysenterio
1333 1263 1590 1358 absolvuntur,
1601 1266 1713 1340 etiam
1726 1291 1898 1342 rasorum
1906 1273 2079 1376 meserai·

390 1446 519 1494 coram
533 1439 570 1496 et
581 1421 662 1494 tubi
673 1423 896 1496 intestinalis
913 1417 1256 1509 affectioincrescit,
1269 1418 1637 1528 uqusmcseuteritis
1649 1417 1758 1493 valde
1774 1418 1917 1496 turbari
1931 1422 2076 1528 incipit.

295 1657 382 1720 34„
551 1623 659 1714 Tunc
688 1621 839 1718 sanguis
862 1619 901 1690 in
926 1613 1143 1692 mesenterii
1167 1617 1266 1690 vasis
1292 1616 1401 1708 hinc,
1425 1615 1529 1689 illinc
1554 1615 2076 1717 inaequaliter'distribuitur,

385 1791 423 1846 et
450 1789 574 1846 motus
597 1772 637 1844 in
666 1771 823 1870 singulis
853 1770 1071 1842 arteriarum
1095 1767 1302 1869 provinciis
1328 1766 1584 1870 perturbatur,
1610 1769 1787 1870 aquibus
1820 1770 1861 1842 in
1893 1771 2081 1869 majorem

367 1915 673 2028 'proficiscuntur
698 1923 829 1997 turbae
853 1919 1046 2000 ambitum.
1098 1920 1208 1992 Retia
1234 1945 1322 1997 vcro
1349 1919 1412 1994 illa
1439 1937 1478 1992 et
1503 1945 1590 1996 rasa
1624 1940 1760 1996 cuncta
1797 1921 1844 1998 ab
1877 1923 2076 2014 enteritide

381 2077 533 2179 patiore
557 2093 634 2149 tam
656 2075 769 2172 fusile
792 2099 871 2157 non
892 2091 1137 2164 evacuantur,
1164 2095 1277 2170 quarn
1300 2072 1340 2144 iu
1367 2071 1526 2170 reliquis
1552 2077 1838 2174 experimentisj
1865 2077 1933 2152 sed
1964 2078 2076 2150 morti

383 2246 594 2333 supersunt.
648 2319 651 2331 Ι
689 2231 977 2304 Pars-vasorum
1003 2225 1155 2326 quidem
1173 2240 1262 2326 post
1290 2241 1451 2297 mortem
1463 2226 1912 2319 eratvacua,alterurero
1931 2229 2077 2326 sangui·

360 2408 432 2486 'ne
457 2380 639 2467 scatebat,
665 2381 731 2480 qui
756 2399 820 2456 aut
843 2377 1059 2479 stagnabat,
1086 2393 1149 2449 aut
1174 2375 1295 2488 adhue
1316 2374 1527 2452 oscillabat.
1582 2375 1848 2454 Oecillationes
1872 2381 2075 2482 praecipue
2128 2474 2132 2482 Ι

359 2537 423 2636 ‚in
446 2532 589 2606 retibus
613 2532 686 2604 illis
712 2532 838 2624 miris,
863 2529 1098 2634 superficiem
1122 2526 1415 2628 occupantibus,
1454 2528 1634 2602 vivaciter
1657 2555 1727 2628 per
1750 2528 1903 2629 longum
1928 2499 2087 2632 ternpus.

382 2681 650 2791 perdurabant.
688 2683 838 2784 Insigne
866 2701 941 2782 est,
968 2706 1118 2758 omnem
1142 2699 1308 2771 motum,
1332 2703 1406 2754 nec
1430 2705 1508 2754 uon
1536 2680 1792 2756 oscillationes
1817 2683 1953 2782 rapido
1982 2710 2075 2787 quo·

362 2795 475 2912 ¹(lam
499 2835 614 2956 epodo
641 2830 829 2910 adfinem
854 2861 973 2938 usquc
999 2832 1140 2938 peragi.
1176 2847 1179 2852 '

292 3053 380 3118 542.
547 3033 646 3107 Ideo
665 3031 945 3106 mesenteritide
971 3055 1214 3138 praegressa„
1244 3031 1284 3104 in
1309 3057 1385 3130 qua
1412 3033 1694 3108 exsudationcm
1719 3050 1758 3108 et
1779 3034 1917 3112 retium
1943 3061 2072 3112 vascu-

376 3185 543 3260 losorum
570 3182 833 3274 formationem
859 3181 1066 3277 observavi,
1089 3184 1240 3281 sanguis
1265 3182 1512 3284 expertibus,
1538 3184 1588 3258 ad
1605 3201 1763 3258 mortem
1780 3212 1900 3286 usque
1925 3185 2069 3262 inssam·

378 3337 507 3428 matis,
534 3361 614 3409 non
638 3333 858 3427 recedebat,
883 3334 951 3408 scd
976 3358 1066 3410 vasa
1089 3335 1288 3437 implebat,
1324 3354 1362 3412 ct
1394 3338 1584 3436 sanguinis
1615 3353 1739 3412 motus
1766 3339 1805 3413 in
1831 3337 1928 3414 vasis
1954 3340 2066 3414 morti

379 3503 683 3588 erat-superstes.

292 3709 377 3773 343.
551 3701 584 3764 δὲ
615 3685 1012 3763 Observationes
1038 3686 1086 3758 in
1110 3686 1292 3787 hepate
1319 3687 1673 3776 cuniculorum.
1718 3727 1722 3735 ·

461 3907 493 3918 -·
542 3861 699 3963 Hcpatis
724 3860 981 3935 cuniculorum
1005 3861 1398 3963 protractimargines
1423 3865 1631 3967 pellucidae
1647 3889 1763 3968 saepo
1789 3868 1945 3965 inveni,
1994 3873 2067 3948 sed

381 4036 494 4111 quum
509 4012 572 4086 ‘ob
598 4013 862 4114 applicationis
888 4015 962 4086 vim
988 4013 1154 4112 insignes
1179 4015 1436 4090 circulationis
1457 4017 1779 4119 metamorphoseis
1803 4021 1880 4120 jaro
1909 4023 2067 4122 ingruis-

362 4183 482 4262 sent,
515 4166 773 4270 circulationis
805 4165 1015 4264 fragmenta
1050 4165 1285 4242 solummodo
1313 4167 1401 4242 vidi.
1430 4169 1752 4264 canaliculorum,
1781 4167 1958 4268 [acinulos
1993 4201 2087 4283 amq

298 4363 307 4374 ·
364 4315 560 4418 ,hieatium
583 4317 797 4412 consertos,
845 4319 998 4419 plurimi
1022 4319 1206 4420 sanguine
1239 4335 1436 4418 stagnante
1481 4348 1549 4396 seu
1575 4325 1774 4400 oscillante
1801 4325 1877 4424 jam
1904 4327 2064 4429 infarcta
2099 4295 2146 4352 ζ’·

378 4485 506 4568 crant,
529 4469 574 4569 ‚ia
600 4469 755 4570 reliquis
780 4497 870 4544 voro
897 4489 936 4547 et
962 4472 999 4560 in
1028 4473 1124 4548 vasis
1148 4471 1354 4571 majoribus
1379 4492 1502 4596 motus
1539 4441 1751 4574 irregularis
1781 4479 1983 4580 regnabat,
2020 4442 2066 4554 eo

368 4587 556 4720 insignis,
582 4638 625 4694 ut
648 4622 750 4728 lepte
781 4641 1041 4736 perageretur,
1085 4651 1215 4702 omnes
1233 4651 1329 4748 ¹serp
1349 4627 1500 4742 cpnales
1526 4590 1640 4732 plena
1660 4627 1924 4740 infarcirentur
1943 4600 2064 4747 unia.

375 4736 476 4846 Vasa
497 4771 651 4846 minima
677 4773 724 4846 ab
751 4773 852 4845 unda
876 4775 1084 4872 largissima
1108 4737 1400 4876 semistagnante
1426 4729 2066 4873 ita*extendebanaa,uas'aiacoi1-

376 4921 492 4998 ssuere
516 4925 751 5018 riderentur,
778 4945 816 5002 et
841 4927 894 5000 uti
921 4927 1064 5002 insulae
1088 4927 1341 5030 pareuchyma
1367 4931 1578 5033 implerant.
