4838 6192
1234 563 1303 644 roo

409 803 490 872 sas,
510 776 652 850 iterum
675 771 879 870 restringat
902 786 940 856 et
965 782 1186 868 componat,
1213 781 1271 839 ast
1291 761 1611 867 metamorphoses
1635 762 1804 863 rigentes
1820 790 1890 866 pro
1913 767 2101 844 conditio·
2151 765 2154 777 '

408 955 460 1007 ne
490 956 557 1005 sue
586 925 761 1002 temleri
789 949 905 1028 opera
933 907 1016 996 non.
1046 921 1300 1032 corriguntur,
1327 920 1397 994 scd
1426 921 1651 1022 persistunt,
1688 933 1727 993 et
1754 920 1866 995 modo
1891 922 2102 1024 aliquantu.

407 1083 485 1158 lum
509 1081 716 1174 restrictae,
744 1103 829 1151 mox
852 1077 987 1150 iterum
1004 1074 1285 1178 protrudentur.
1308 1121 1312 1133 ι
1337 1075 1418 1150 Hoc
1438 1033 1596 1175 aequale
1619 1073 1718 1146 inter
1742 1034 1912 1149 morbum
1937 1096 1975 1152 et
1993 1098 2102 1155 natu-

409 1265 491 1313 ram
515 1254 706 1310 certamen
729 1230 960 1306 confusionis
983 1231 1135 1303 nomine
1155 1227 1263 1302 libito
1286 1228 1426 1304 ornari
1483 1225 1664 1302 Confusio
1688 1231 1908 1310 intensitatc
1930 1247 1969 1306 et
1992 1233 2103 1310 dura·

405 1392 508 1468 mine
526 1391 709 1463 immense
732 1385 860 1461 variat.

319 1578 404 1643 422.
570 1554 742 1630 Tandem
761 1579 850 1631 ,vero
868 1517 1097 1628 *cenantium
1119 1551 1218 1627 vires
1241 1549 1476 1646 relaxantur,
1503 1569 1540 1627 et
1556 1553 1628 1628 tria
1647 1551 1728 1629 fieri
1745 1569 1915 1655 possunt.
1967 1557 2007 1656 a)
2024 1537 2096 1634 Or·
2216 1639 2227 1646 ,

408 1711 569 1814 ganismi
592 1711 691 1784 vires
714 1706 926 1780 relaxantur
950 1723 988 1779 et
1008 1705 1282 1805 infringuntur,
1313 1704 1404 1805 quin
1425 1705 1578 1781 morbus
1605 1723 1813 1810 superetur.
1880 1709 1955 1780 Aut
1977 1707 2100 1783 subito

408 1883 473 1942 eut
499 1863 638 1938 sensim
663 1860 841 1960 intercipi
861 1861 1102 1960 possunt;·in
1127 1877 1286 1960 utroque
1306 1863 1397 1934 casu
1418 1885 1516 1934 mors
1539 1863 1728 1963 sequitur,
1755 1877 1874 1936 morte
1907 1887 1994 1938 vero
2019 1889 2104 1938 sen·

410 2021 481 2095 sim
501 2017 803 2128 imminente,-et
827 2014 1031 2113 organismi
1060 2012 1199 2088 viribus
1224 1995 1327 2086 clam*
1343 2014 1619 2116 expirantibus,
1645 2017 1880 2094 confusionis
1896 1959 2028 2094 turbae
2050 2021 2102 2094 si·
2131 2010 2134 2018 ’

405 2170 483 2246 mul
509 2169 740 2260 relaxantur,
769 2183 881 2266 atque
898 2166 1005 2266 quies
1031 2163 1164 2258 intrat,
1192 2166 1282 2267 quia
1302 2166 1454 2243 morbus
1478 2169 1579 2243 solus
1597 2171 1747 2246 demum
1770 2191 1914 2274 regnat.
1963 2171 2103 2276 bttta·

405 2341 489 2400 tura
515 2307 877 2422 metamorphosibus
903 2319 1087 2393 morbosis
1113 2319 1251 2392 sensim
1273 2286 1480 2415 adsuescit,
1514 2341 1552 2398 et
1576 2325 1643 2398 tali
1671 2325 1801 2417 modo,
1840 2324 1928 2400 dum
1955 2331 2097 2405 reactio

282 2559 289 2577 ,
408 2477 567 2569 desinit,
603 2475 836 2552 confusionis
862 2457 995 2600 turbae
1024 2471 1229 2547 solvuntur.
1298 2475 1337 2572 c)
1365 2474 1610 2574 Organismus
1639 2480 1780 2556 viribus
1811 2483 1864 2557 ita
1890 2481 2024 2582 pollet,
2060 2495 2102 2562 ut

406 2627 578 2704 morbum
604 2625 770 2704 debellet
792 2643 830 2700 et
854 2628 992 2703 vincat.
1056 2629 1153 2700 Tum
1178 2601 1363 2705 coctionis
1389 2629 1581 2704 molimina
1604 2656 1788 2738 prospera
1812 2635 1968 2732 intrant,
2003 2665 2101 2740 quae

332 2862 337 2872 ,
407 2782 477 2858 sub
498 2799 688 2879 momento
710 2776 879 2856 'secundo
905 2780 1117 2882 complexus
1138 2807 1233 2856 sum.

217 2973 221 2980 '
319 2973 406 3043 423.
570 2949 649 3028 Sub
670 2967 859 3026 momento
880 2949 1063 3026 coctionis
1083 2949 1402 3050 metamorphoses
1427 2952 1623 3031 morbosae
1648 2982 1690 3033 rc
1713 2985 1803 3036 rara
1822 2961 2100 3063 restringuntur

409 3121 573 3182 atcerte
596 3121 686 3206 typo
712 3119 998 3202 componuntur.
1050 3101 1159 3192 Illae,
1185 3127 1281 3201 qtrae
1307 3101 1477 3178 ultimum
1509 3125 1615 3183 ortae
1636 3129 1764 3205 erant,
1798 3115 1961 3216 primum
1982 3120 2100 3194 corri-

409 3273 564 3360 guntur,
599 3273 638 3332 et
664 3254 732 3330 tali
756 3254 870 3330 modo
895 3279 919 3328 a
938 3253 1155 3355 peripheria
1180 3279 1307 3328 versus
1332 3256 1455 3332 morbi
1480 3257 1607 3334 focum
1632 3265 1919 3368 restringuntur.
1969 3255 2016 3346 Si
2038 3275 2095 3347 in·

410 3410 611 3488 flammatio
635 3435 659 3484 a
676 3407 785 3492 febre
809 3407 948 3508 stipata
968 3424 1067 3499 erat,
1093 3406 1254 3508 primum
1278 3403 1396 3484 febris
1422 3411 1567 3505 avolat,
1593 3431 1673 3490 tum
1695 3417 2000 3498 inflammationis
2021 3451 2099 3501 mc·
2194 3371 2199 3376 ·

315 3669 318 3675 Α
351 3603 354 3610 ·
412 3565 670 3670 tamorpboscs
698 3539 840 3638 sensim
864 3561 1108 3636 reducuntur.

311 3717 408 3812 cti·
575 3733 644 3806 His
664 3729 848 3806 coctionis
863 3727 1046 3821 motibus,
1072 3727 1138 3828 qui
1159 3727 1410 3806 etiamcritici
1427 3733 1609 3834 appellari
1629 3758 1804 3841 possunt,
1831 3749 2105 3851 metamorpho-

413 3872 481 3959 scs¹
498 3882 695 3966 morbosae
716 3907 846 3958 versus
861 3880 946 3954 loca
962 3897 1065 3954 certa
1083 3907 1128 3953 ex
1146 3881 1248 3957 omni
1264 3902 1372 3984 parte
1394 3888 1684 3989 restringuntur.
1743 3893 1784 3968 Si
1808 3899 1964 3974 tandem
1989 3901 2103 3980 affec·

412 4037 465 4110 tio
487 4037 527 4109 in
544 4035 638 4110 locis
661 4036 773 4146 certis
796 4035 1087 4135 circumscriptis
1106 4035 1195 4110 solis
1214 4041 1362 4131 haeret,
1397 4055 1476 4114 tum
1493 4042 1665 4120 morbum
1679 4047 1887 4149 judicatum
1907 4071 1945 4128 et
1963 4038 2125 4134 criseos'

291 4277 296 4285 ,
414 4207 641 4268 momentum
663 4186 858 4262 inductum
877 4211 979 4280 esse,
1008 4189 1188 4264 contendi
1211 4207 1348 4294 potest.

326 4357 409 4422 425.
573 4343 675 4418 Fieri
691 4341 798 4434 solet,
815 4343 1178 4446 utmetamorpbosas
1188 4343 1756 4454 inillirmlocumrestringantur,
1773 4359 2102 4464 erquoprolectae

357 4581 363 4589 ,
412 4499 503 4572 sint.
554 4493 878 4593 Sedobserratur,
903 4495 1024 4572 morbi
1035 4495 1158 4572 focum
1168 4497 1208 4570 in
1217 4496 1433 4594 intervallo,
1458 4506 1561 4604 prod
1577 4507 1676 4583 iuter
1686 4507 1917 4588 confusionis
1926 4515 2056 4592 turbas
2064 4535 2104 4594 ct

416 4649 600 4736 coctionis
609 4649 799 4724 molimina
808 4665 876 4744 est,
893 4652 1039 4745 mutari,
1056 4669 1252 4752 motusque
1262 4651 1412 4728 criticos
1423 4653 1515 4730 alies
1525 4683 1679 4759 vergere
1692 4686 1819 4763 possa.
1846 4663 2007 4768 Saepius
2018 4693 2106 4746 vero

417 4803 542 4880 adhuc
565 4801 709 4896 evenit,
736 4820 780 4878 ut
798 4801 924 4906 plures
947 4801 1067 4883 morbi
1083 4805 1254 4883 solvendi
1273 4803 1352 4931 foci
1368 4805 1588 4904 formentur,
1608 4812 1648 4886 in
1666 4839 1761 4916 quos
1789 4821 2109 4926 metamorphoses
