4848 6194
1201 583 1249 672 et

293 797 379 880 264.
547 820 581 868 a.
605 797 755 888 Partes,
790 821 888 898 quae
919 795 1043 872 morbi
1074 813 1182 870 erant
1213 793 1343 888 sedes,
1381 791 1566 894 sanguine
1605 785 1803 876 oscillante
1838 801 2003 884 scatent,
2035 809 2074 865 et

376 966 501 1026 metus
517 951 731 1050 irregularis
743 953 846 1024 lente
863 950 1101 1026 solummodo
1118 951 1353 1050 extinguitur.
1396 949 1532 1049 Sipars
1547 943 1827 1046 suppuraverit,
1851 959 1974 1019 motus
1985 969 2073 1049 snp-

376 1070 604 1206 puratcrius,
624 1105 778 1179 animali
792 1125 955 1198 mor-mo,
982 1132 1061 1180 non
1073 1105 1323 1206 intercipitur,
1347 1101 1418 1178 sed
1436 1119 1526 1205 post
1540 1101 1693 1201 longum
1709 1101 1891 1204 temperis
1907 1102 2073 1202 spatium

374 1259 515 1334 sensim
528 1259 702 1358 exspirat.
738 1263 822 1358 Quo
836 1261 896 1354 lit,
915 1261 1006 1334 utin
1021 1279 1129 1364 parte
1143 1247 1564 1360 aegrotanteperbreve
1576 1275 1724 1360 ternpus
1734 1275 1822 1332 ante
1832 1273 1964 1361 etpost
1972 1285 2073 1340 mor·

375 1427 455 1484 tens
487 1411 746 1490 circulationis
771 1443 838 1491 seu
867 1435 991 1490 metris
1015 1415 1217 1516 cujuslibet
1247 1413 1452 1490 discrimen
1474 1437 1555 1487 nen
1582 1429 1844 1513 cognoscatur.
1906 1417 2069 1490 Tantum

370 1745 460 1814 ses,
495 1741 618 1798 morte
648 1726 866 1799 imminente
889 1727 1008 1824 magis
1041 1725 1239 1824 magisque
1263 1723 1452 1815 excultae,
1484 1739 1573 1828 post
1604 1739 1764 1796 mortem
1788 1723 1956 1821 vigeant,
1994 1743 2067 1798 nec

365 1875 491 1978 prius,
519 1903 632 1978 quam
653 1878 823 1956 fabricae
856 1880 1113 1954 destructione
1142 1879 1375 1980 incipiente,
1401 1877 1541 1952 sensim
1563 1877 1836 1978 extinguantur.

279 2037 366 2122 26⁵.
531 2057 572 2136 b.
599 2061 654 2136 Er
679 2061 752 2135 illis
771 2087 861 2136 vero
882 2061 1064 2162 partibus,
1091 2085 1189 2159 quae
1212 2059 1259 2134 ab
1285 2057 1487 2134 effectione
1508 2059 1640 2162 topice
1665 2057 1875 2134 incolumes
1896 2055 2057 2150 fuerant,

367 2213 520 2314 sanguis
545 2211 626 2286 iore
642 2215 794 2316 penitus
816 2215 962 2288 recedit
981 2233 1018 2288 et
1036 2213 1187 2288 canales
1201 2213 1393 2314 relinquit,
1418 2215 1482 2308 ite,
1507 2231 1550 2286 ut
1568 2214 1608 2290 in
1627 2214 1846 2290 membrana
1868 2213 2062 2286 natatoria

366 2367 518 2468 saepius
538 2393 588 2442 ne
605 2369 802 2468 vestigium
824 2371 978 2468 quidem
993 2369 1188 2470 sanguinis
1210 2371 1556 2462 animadverterem,
1581 2369 1615 2442 si
1628 2364 1773 2440 animal
1793 2391 1839 2440 cx
1860 2363 2060 2444 affectione

365 2520 553 2594 viscerum
579 2538 661 2595 crat
689 2539 888 2597 mortuum.
942 2525 1103 2622 Sanguis
1128 2523 1269 2622 ubique
1296 2523 1345 2598 ed
1370 2541 1519 2626 portes,
1546 2549 1639 2624 prae
1666 2523 1802 2600 ceteris
1821 2521 1962 2611 laesas,
1988 2519 2064 2592 col·

363 2671 483 2746 lectus
502 2691 570 2750 est.
629 2675 753 2750 Motus
767 2677 962 2750 humorum
980 2677 1092 2778 igitur
1115 2677 1154 2750 in
1173 2677 1354 2780 partibus,
1379 2675 1571 2778 inquibus
1586 2675 1741 2752 morbus
1758 2675 1950 2768 haerebat,
1973 2691 2061 2778 pest

362 2841 522 2904 mertem
544 2826 668 2904 adhue
684 2827 817 2936 pollet,
853 2855 966 2936 quum
985 2831 1025 2908 in
1043 2829 1213 2932 reliquis,
1240 2827 1394 2910 animali
1412 2829 1536 2908 adhuc
1553 2830 1714 2928 vivente,
1738 2829 1818 2936 jam
1836 2829 2053 2936 expirasset.

1144 3035 1312 3056 m

908 3196 1539 3323 Desenguine

275 3377 363 3460 266·
531 3397 733 3500 Sanguinis
767 3397 933 3474 indolem
966 3401 1005 3474 in
1032 3417 1131 3476 statu
1159 3428 1253 3476 suno
1283 3419 1322 3476 et
1349 3400 1531 3478 morboso
1560 3401 1682 3476 fusius
1717 3397 1903 3474 illustrare
1939 3424 2055 3476 cona·

364 3569 443 3646 tuo,
481 3559 622 3643 omnin,
656 3577 754 3662 quac
787 3555 825 3626 in
856 3555 1120 3630 diversissimis
1149 3572 1394 3634 occurrerunt
1421 3556 1706 3660 experimentis,
1728 3555 1993 3660 phaenomena
2018 3551 2058 3626 in

364 3721 527 3782 ttaemu
553 3707 734 3806 singulari
758 3733 859 3780 nuuc
887 3709 1132 3810 complector.

531 3911 566 3964 e.
600 3887 804 3986 Sanguinis
827 3886 912 3962 sani
938 3887 1098 3966 indoles.

277 4047 361 4128 267.
530 4067 763 4168 Sanguinem
782 4068 941 4142 murima
961 4093 1004 4142 cx
1025 4087 1134 4170 parte
1156 4095 1177 4143 e
1200 4069 1362 4172 globulis
1386 4072 1638 4176 compositum
1656 4095 1752 4164 csse,
1779 4087 1949 4168 constat,
1973 4094 2056 4166 nee,

365 4221 453 4296 dum
474 4245 580 4314 eum,
608 4223 708 4296 intra
732 4221 882 4298 canales
902 4223 1177 4316 decurrentem,
1199 4227 1508 4329 contemplamur,
1534 4227 1637 4302 aliud
1660 4227 1764 4329 quid,
1787 4251 1902 4328 quam
1924 4226 2055 4327 globu-

363 4373 422 4449 los
453 4375 571 4449 cculis
600 4375 823 4478 conspicere
848 4405 1062 4480 possumus.
1115 4379 1193 4454 sed
1217 4377 1316 4452 inter
1339 4379 1486 4480 judices
1509 4382 1631 4456 adhue
1655 4382 1715 4456 his
1742 4400 1818 4477 cst,
1845 4405 1974 4456 onnon
2000 4383 2056 4454 in·

365 4543 423 4600 ter
443 4527 616 4628 globulos
636 4553 759 4604 serum
778 4533 1037 4626 tenerrimum,
1069 4532 1301 4636 pellucidum
1317 4551 1356 4608 ct
1375 4533 1563 4610 invisibile
1580 4533 1736 4611 effusum
1752 4537 1824 4632 sit,
1867 4535 1928 4610 eui
1943 4559 2056 4636 quae·
2156 4625 2162 4632 ⁰

256 4665 261 4678 ⁶
364 4679 480 4754 stioni
515 4679 783 4782 dijudicandae
812 4709 892 4760 non
924 4713 995 4788 por
1030 4711 1126 4765 sum.
1177 4687 1335 4765 Globuli
1374 4689 1414 4762 in
1449 4689 1643 4765 canalibus
1678 4689 1903 4790 majoribus,
1944 4707 2055 4790 atque

364 4835 465 4910 unda
473 4833 645 4938 pleniore
655 4835 845 4933 adluente,
871 4837 1155 4938 coniminum,
1195 4843 1662 4926 invasisserominoribus
1688 4845 2054 4923 intervallisminimc
