4838 6192
1193 555 1262 616 1¹00

386 765 512 840 aucta,
538 749 662 820 minor
686 747 884 844 minorque
908 733 969 832 fit,
1013 740 1100 816 dum
1139 743 1259 842 us'que
1283 742 1436 843 expiret.
1498 743 1699 842 Sanguinis
1725 741 1874 830 indoles
1906 747 1946 818 in
1973 750 2081 826 initio

367 925 517 1001 parum
542 910 722 978 mutatur,
753 895 821 970 sed
847 897 886 968 in
912 893 1044 969 stadiis
1069 893 1313 967 ulterioribus
1330 859 1607 972 ¹·dirersissimo
1632 877 1749 970 modo
1761 899 1998 997 pessumdari
2010 927 2078 1004 po·

385 1069 459 1126 test
467 1105 478 1144 ,
510 1052 634 1124 donec
660 1049 896 1124 dissolvatur.
949 1046 1116 1120 Parietes
1143 1071 1318 1120 vasorum
1342 1047 1505 1148 primum
1532 1046 1755 1153 tenduntur,
1792 1065 1870 1124 turn
1907 1051 2076 1126 relaxan-

384 1223 464 1296 tur,
491 1203 578 1276 dein
606 1202 758 1276 flaccidi
783 1202 894 1295 fiunt,
920 1217 1114 1302 postremo
1140 1197 1222 1272 fere
1242 1198 1416 1288 ,dissuunt
1467 1202 1771 1302 Parenchyruatis
1792 1204 1904 1278 sicuti
1919 1208 2078 1306 ”sangui-

390 1355 610 1430 nisindoles
636 1355 677 1435 in
694 1354 804 1428 initio
829 1379 960 1456 parum
977 1354 1140 1454 patitur,
1163 1350 1231 1424 sed
1253 1351 1614 1434 addestructionem
1638 1379 1759 1454 usque
1778 1357 1913 1430 mutari
1939 1371 2075 1460 potest.
2159 1423 2160 1426 ,

302 1542 384 1621 398.
486 1571 489 1577 Α
555 1535 661 1607 Haec
687 1535 814 1633 itaque
839 1531 1201 1632 metamorphosium
1235 1547 1429 1604 momenta
1469 1517 1681 1632 systematis
1712 1535 2079 1655 sanguineiorgana

294 1713 295 1720 ¹
327 1703 331 1720 ·
384 1685 531 1786 singula
557 1687 597 1759 iu
627 1667 922 1760 inflammatione
949 1683 1129 1759 morbosa
1153 1707 1374 1783 percurrere
1397 1693 1566 1781 possunt.
1617 1689 1758 1786 'lypus
1785 1689 2080 1790 simplicissimus

386 1858 464 1932 est3
493 1857 655 1914 attamen
682 1841 883 1914 immensae
909 1833 1239 1912 inflammationem
1265 1835 1461 1940 varietates
1487 1825 1638 1926 dantur,
1666 1839 1824 1935 quaein
1849 1843 1993 1942 singtda
2020 1848 2076 1918 in·

385 1991 635 2066 demutatione
662 2018 684 2066 a
707 1990 831 2086 tribus·
851 1989 1023 2091 pendere
1047 1989 1245 2064 uidentur:
1272 1985 1312 2090 a)
1337 1987 1384 2062 ah
1400 1985 1559 2080 ambitu,
1586 2014 1695 2087 quem
1720 1989 1870 2066 affectio
1897 1985 2077 2101 occupat,

384 2141 431 2244 b)
456 2169 479 2214 a
504 2143 651 2235 stadio,
679 2145 719 2215 in
745 2170 821 2244 quo
847 2147 1168 2244 metamorphosos
1193 2159 1405 2234 versantur3
1440 2143 1519 2234 cla
1544 2141 1765 2215 conditione
1789 2145 1965 2240 relativa,
2004 2177 2079 2251 qua

383 2297 705 2398 metamorphoses
731 2295 962 2396 singulorum
987 2297 1197 2399 systematis
1221 2294 1417 2394 sanguinei
1444 2319 1671 2396 organorum
1697 2295 1796 2368 inter
1828 2273 1868 2370 se
1901 2305 2075 2402 gaudent.

300 2527 382 2605 599.
549 2514 593 2580 A.
621 2503 812 2596 Ambitus,
839 2507 879 2577 iu
907 2531 1021 2606 quem
1045 2505 1366 2606 metamorphoscs
1393 2501 1702 2577 inflammatoriae
1729 2528 1751 2577 a
1776 2505 1881 2599 loco,
1914 2515 2076 2612 primum

388 2636 815 2758 tacto,'expanduntur',
843 2657 952 2732 valde
976 2659 1106 2734 variat.
1170 2655 1331 2730 Affectio
1357 2677 1420 2728 aut
1446 2658 1484 2729 iu
1510 2656 1597 2730 loco
1626 2657 1927 2762 circumscripto,
1966 2633 2077 2768 quem

294 2845 300 2858 ·
389 2810 633 2901 inflammatio
657 2798 819 2910 primunr
844 2810 987 2908 tetigit,
1014 2809 1097 2883 solo
1123 2809 1268 2893 haeret,
1295 2809 1542 2912 nocamplius
1569 2809 1697 2886 abillo
1715 2816 1957 2918 expanditur,
1981 2819 2076 2899 haec
2116 2895 2121 2907 ,

389 2961 690 3036 inflammationis
719 2959 867 3062 species
889 2961 1044 3034 nominc
1069 2960 1220 3060 topicae
1245 2986 1347 3035 mere
1373 2950 1500 3034 ornari
1524 2979 1662 3060 potest.

302 3134 394 3214 4⁸00·
565 3140 608 3250 Si
632 3164 722 3218 raro
748 3129 1051 3213 inflammationis
1070 3117 1391 3238 metamorphosea
1416 3138 1454 3209 in
1483 3138 1661 3212 ambitum
1678 3142 1849 3220 latiorem
1868 3153 2083 3251 expandun·
2123 3215 2126 3220 .
2203 3235 2208 3244 ι

298 3389 301 3394 Δ
389 3315 473 3387 tur,
498 3291 741 3366 inflammatio
767 3291 872 3391 plus,
898 3293 1021 3365 minus
1049 3315 1213 3391 expansa
1238 3292 1351 3365 audit.
1405 3293 1626 3392 Systematis
1652 3297 1848 3394 sanguinei
1879 3307 2098 3382 metamor-'

389 3446 529 3546 phoses
556 3446 597 3518 in
620 3442 916 3518 inflammatione
942 3445 1014 3516 hae
1040 3444 1256 3516 charactere
1280 3445 1465 3545 peculiari
1490 3445 1666 3545 gaudent.

307 3695 388 3753 401,
558 3654 635 3737 Fit,
662 3669 702 3724 ut
729 3651 776 3723 ab
803 3651 952 3723 actione
979 3647 1136 3722 influxus
1153 3649 1337 3723 morbifici
1357 3667 1473 3724 totum
1489 3667 1655 3752 ‘systema
1672 3655 1917 3753 sanguineum
1934 3661 2083 3738 demum

395 3802 600 3894 alliciatur,
629 3822 665 3876 et
690 3803 1012 3902 metamorphoses
1037 3803 1221 3902 patiatur,
1248 3802 1344 3900 qua'e
1370 3801 1523 3876 fabriles
1550 3804 1736 3881 dicuntur.

308 4052 390 4114 402,
561 4009 884 4110 Metamorphoses
901 4006 1214 4094 ,inflammationis
1241 4009 1412 4110 topicae,
1450 4008 1535 4109 plus
1564 4011 1686 4083 minus
1714 4037 1911 4112 expensae,
1940 4035 1978 4091 et
2002 4020 2084 4094 feb·
2133 4111 2143 4120 ζ

396 4161 496 4250 riles,
523 4160 692 4263 singulae
732 4162 947 4234 charactere
979 4159 1161 4260 peculiari
1187 4159 1372 4258 gaudent,
1408 4159 1476 4232 sed
1506 4180 1664 4236 cunctae
1689 4164 1756 4236 tali
1781 4171 1894 4244 modo
1920 4171 2019 4244 inter
2043 4197 2084 4247 se

401 4295 533 4384 affines
552 4329 658 4402 sunt,
685 4329 725 4384 ut
745 4329 1056 4412 unum-tanquam
1078 4311 1228 4386 alterius
1246 4312 1295 4383 sit
1311 4310 1555 4404 substratum,
1580 4341 1601 4387 e
1627 4342 1702 4415 quo
1728 4343 1892 4422 sequena
1907 4325 2083 4424 insurgat.

311 4545 393 4608 403,
562 4511 607 4579 Β.
635 4505 825 4596 Stadium,
865 4505 906 4578 in
940 4531 1016 4604 quo
1041 4473 1364 4604 metamorphoses
1399 4507 1710 4584 inflammatoriae
1736 4531 1949 4607 versantur,
1986 4517 2086 4594 bene

398 4658 722 4736 considerandum
744 4677 813 4732 est.
872 4659 969 4730 Nam
995 4657 1257 4750 inflammatio,
1284 4657 1395 4742 sicuti
1419 4659 1458 4730 in
1486 4660 1660 4760 quolibet
1685 4667 1924 4766 expansionis
1951 4669 2067 4768 gradu
2075 4725 2087 4764 ,

397 4813 510 4886 etium
536 4811 574 4883 in
602 4836 827 4910 quocunque
843 4811 1067 4885 evolationis
1091 4809 1215 4886 stadio
1241 4810 1397 4891 retineri
1415 4831 1553 4914 potest.
1581 4812 1715 4890 Stadia
1729 4835 1836 4893 suntr
1862 4827 1899 4914 a)
1915 4821 2087 4898 Stadium
