4800 6194
1210 615 1256 682 12

391 815 568 919 gradum,
596 835 641 888 ee
668 809 708 883 in
732 829 848 900 rene,
876 803 974 908 (qno
1001 800 1065 896 fir,
1091 819 1134 878 nt
1160 820 1318 880 stratum
1343 819 1537 878 externum
1565 806 1723 879 nonsit
1756 813 1966 906 extensum)
1979 838 1991 907 3
2024 814 2094 890 sed

394 970 600 1045 affectione
627 964 791 1068 graviori
824 958 966 1038 animal
1000 973 1066 1036 sut
1095 955 1274 1052 moritur,
1313 973 1379 1036 ant
1401 956 1477 1032 cito
1523 955 1564 1032 in
1601 960 1780 1036 neerosin
1815 985 1904 1066 pers
1936 966 2116 1074 vertitur*

393 1123 509 1204 laesa.
537 1157 585 1180 ··

593 1427 668 1548 ¹b)
728 1432 1104 1521 Momentum
1149 1427 1348 1517 mutue
1393 1423 1856 1536 eupprcratorie

327 1665 382 1730 54.
555 1651 798 1733 confusionis
839 1645 958 1727 'turbis
986 1651 1166 1746 evolutis,
1212 1647 1417 1753 organismi
1447 1645 1608 1747 insurgit
1660 1648 1825 1742 renetio,
1868 1669 1966 1749 quae
2002 1645 2084 1723 illus

396 1829 573 1880 coercere
599 1825 758 1880 conatur
785 1826 822 1881 et
851 1808 980 1882 turbas
994 1799 1105 1894 {late
1131 1807 1171 1880 in
1197 1821 1314 1880 strato
1349 1819 1507 1880 externo
1529 1825 1724 1903 expansas,
1768 1799 1908 1875 sensim
1950 1779 2088 1904 pluent,

396 1959 483 2033 dum
508 1961 548 2032 in
573 1979 691 2036 strato
716 1964 867 2036 inserno
893 1961 1175 2062 suppurationis
1203 1960 1373 2034 oriuntur
1396 1957 1669 2060 phaenomena.
1754 1951 1798 2028 Si
1829 1954 1985 2030 tandem
2007 1975 2085 2032 tnr-

258 2107 268 2118 ’
393 2113 466 2187 bae
491 2115 752 2216 periphericae
778 2117 827 2189 ed
853 2116 958 2189 strati
983 2113 1123 2190 interni
1146 2113 1356 2214 marginem
1393 2126 1484 2187 sunt
1508 2128 1676 2200 coactae,
1705 2124 1785 2184 turn
1828 2126 1964 2186 netum
1987 2111 2089 2204 risit,

394 2286 432 2341 et
456 2268 675 2369 suppuratio
701 2271 938 2372 extinguitur.

335 2495 392 2560 5⁵.
560 2477 665 2552 Idem
690 2475 801 2552 nnbis
829 2475 971 2578 ubique
996 2475 1164 2554 occurrit
1186 2473 1539 2576 phaenomenorum
1563 2499 1777 2577 processus,
1804 2478 1870 2576 qni
1893 2503 1964 2578 pro
1990 2499 2090 2550 eon·
2164 2463 2169 2476 ’

323 2697 329 2712 ,
393 2627 554 2702 susionis
593 2655 837 2731 praegressae
880 2631 1105 2705 conditione
1130 2630 1378 2706 modificetur.
1408 2633 1506 2705 Nam
1528 2631 1565 2705 si
1598 2629 1733 2704 turbae
1769 2630 1931 2706 leviores
1978 2645 2091 2720 sunt,

395 2784 504 2856 citius
531 2809 595 2858 ens
621 2787 788 2884 congeri,
816 2809 928 2888 quam
954 2786 1158 2888 graviores,
1187 2803 1226 2859 et
1238 2783 1548 2886 suppurationem
1562 2807 1755 2883 emergere
1772 2783 2081 2883 minorempntet.

391 2937 613 3011 Luesionem
659 2939 869 3036 graviorem
901 2942 1120 3042 suppuratio
1154 2941 1322 3042 sequitur
1354 2909 1542 3012 abundior
1587 2961 1685 3037 quae
1719 2961 1816 3032 eum,
1851 2935 2084 3014 substantiae

385 3073 541 3188 'jactura'
554 3093 686 3192 stipari
712 3093 819 3164 solet.
851 3133 900 3151 -
937 3101 939 3106 '

561 3297 622 3372 nd
646 3317 770 3386 mutus
796 3305 1049 3402 suppuratorii
1073 3303 1336 3406 phaenomena
1353 3300 1578 3403 explicanda
1601 3325 1704 3376 nunc
1728 3300 1965 3403 progredior.
2014 3333 2020 3347 ·

334 3493 390 3572 50,
558 3477 764 3552 Vulnerum
788 3479 1059 3556 levissimorum
1098 3501 1255 3558 stratum
1296 3483 1485 3556 internum
1520 3480 1676 3555 maculis
1708 3481 1883 3582 impletur
1930 3463 2083 3580 exiguis,

344 3613 350 3624 ’
403 3628 471 3700 sed
495 3629 712 3728 majoribus,
739 3633 976 3710 tinctioribns
1004 3655 1043 3712 et
1067 3633 1490 3739 eirwmscriptioribus,
1516 3661 1628 3736 quarn
1643 3633 1837 3709 vulnerum
1862 3635 2083 3733 graviorum.

402 3781 461 3854 Ad
486 3784 651 3890 maculas
676 3787 754 3876 hes,
781 3812 803 3858 u
828 3791 1009 3888 sanguine
1036 3807 1268 3882 extpnraseto
1295 3807 1416 3880 ortus,
1443 3788 1559 3882 eliae,
1595 3813 1691 3890 quae
1725 3815 1769 3864 ex
1793 3791 2086 3893 parenehymete

398 3935 481 4034 ipso
511 3955 633 4009 ortum
657 3937 806 4012 duxisse
833 3941 1028 4036 videntur,
1054 3939 1275 4046 pallidiores
1302 3943 1498 4018 accedunt
1575 4006 1578 4014 Α

333 4173 391 4238 57,
560 4146 664 4230 Inter
688 4145 852 4219 mucules
875 4165 1001 4222 motus
1023 4151 1143 4222 oritur
1168 4150 1468 4244 obscurissimus,
1496 4151 1562 4252 qui
1587 4175 1635 4225 eo
1653 4168 1814 4244 constat,
1838 4169 1881 4224 ut
1904 4151 2085 4243 maculae,

397 4295 509 4394 (ques
537 4295 606 4370 sub
632 4298 705 4370 hoc
729 4296 858 4374 labore
881 4301 1147 4401 particularum
1169 4305 1324 4377 nornine
1349 4303 1503 4406 saluto),
1535 4303 1679 4380 floccos
1711 4305 1896 4406 quosdam
1930 4331 1953 4379 a
1990 4329 2086 4378 mer·

398 4449 485 4546 gine
511 4451 615 4550 ipsae
657 4452 855 4528 demittunt
886 4453 1059 4554 aliosque
1087 4458 1220 4530 iterum
1252 4457 1325 4532 sibi
1358 4476 1563 4560 apponent.
1632 4457 1724 4531 Ideo
1756 4476 1880 4532 motus
1919 4459 1960 4530 in
1995 4483 2086 4557 qna·

399 4601 484 4674 dnm
538 4603 744 4680 ssoceorum
802 4609 1061 4682 vicissinrdine
1099 4610 1359 4710 quaerendus,
1419 4611 1521 4684 lente
1556 4612 1768 4686 etsensim
1800 4613 2004 4711 peragitur,
2046 4627 2089 4686 nt

337 4863 341 4871 Ι
397 4757 529 4830 oculos
558 4755 637 4832 fere
676 4758 844 4858 fugeret,
891 4762 966 4836 nisi
1000 4789 1043 4838 ex
1088 4763 1356 4865 particularum
1373 4763 1514 4844 ,formu
1547 4782 1586 4838 et
1622 4767 1697 4839 situ
1724 4766 1902 4876 relatiris
1938 4789 2087 4866 semper

395 4913 546 4983 mutatis
582 4937 666 4984 eum
691 4913 1064 5022 adesse,.epnstaret.
