4838 6192
1183 577 1232 642 aa·

372 777 578 850 meseraica
604 799 741 875 magna
770 771 952 872 sanguine
976 743 1159 855 dissoluto
1183 761 1337 889 implete
1362 781 1483 848 erent.
1531 769 1658 867 Hepur
1689 787 1728 843 at
1750 771 1828 846 lion
1852 775 1901 848 ad
1920 802 2048 879 super.

367 927 489 1002 ficiem
510 946 548 1004 et
565 927 709 1004 disecta
733 925 956 1000 rubedinem
978 923 1164 1021 insignem
1185 943 1278 1020 prae
1307 943 1348 992 se
1373 917 1565 1012 serebant,
1602 936 1642 994 et
1668 922 1824 998 numm
1854 933 2047 1030 sanguinis
2088 893 2091 904 Ι
2146 941 2150 952 ’

367 1079 570 1163 stillabant.
621 1079 764 1154 Pariter
786 1095 922 1152 cuneta
942 1076 1122 1151 intestina
1142 1073 1325 1171 sanguine
1346 1065 1462 1146 rubro
1489 1071 1651 1149 inlltretu
1677 1077 2021 1162 ascribebantur.
2111 1105 2121 1116 ·

279 1303 379 1391 stt-f
533 1289 675 1384 Credo,
702 1290 741 1361 in
759 1287 869 1361 initio
888 1307 976 1364 vasa
1002 1280 1218 1357 mesenterii
1235 1279 1390 1381 propria
1413 1280 1705 1360 inflammatione
1727 1307 1902 1392 correpte
1920 1287 2048 1368 fuisse.

356 1441 614 1514 'Meseuteritis
633 1467 723 1516 rero
741 1467 819 1514 nun
845 1437 1057 1540 perstabat,
1083 1435 1153 1508 sed
1178 1433 1398 1527 enteritide,
1450 1434 1560 1508 simul
1584 1424 1821 1536 insurgente,
1865 1459 1902 1515 et
1928 1445 2047 1546 magis

362 1557 556 1692 magisque
588 1593 757 1684 evoluta,
784 1591 1035 1666 mesenteritis
1054 1589 1248 1664 obscurari
1267 1585 1475 1662 ridebatur.
1528 1587 1624 1659 Nam
1644 1587 1702 1679 lit,
1728 1607 1770 1663 ut
1791 1617 1880 1668 vaca
1897 1621 2045 1671 mesen·

362 1746 449 1818 terii
475 1709 623 1820 sensim
646 1764 890 1829 evacuentur,
929 1745 1017 1818 dum
1033 1738 1336 1816 inflammationis
1360 1739 1483 1814 stadia
1509 1737 1641 1814 ultime
1659 1739 1700 1814 in
1726 1715 1818 1819 tubo
1842 1741 2049 1824 intestinali

361 1898 446 1997 ipso
468 1896 717 1976 adducuntur.
768 1900 943 1973 Attamen
966 1898 1102 1970 mirum
1118 1914 1177 1970 est
1196 1895 1519 1996 phaenomenum‚
1552 1919 1574 1966 e
1597 1895 1695 1972 rasis
1713 1897 1955 1997 capillaribus
1987 1919 2044 1975 tu·

241 2149 251 2158 .
360 2047 402 2122 bi
427 2049 652 2124 intestinalis
681 2051 799 2152 ipsius
827 2052 1048 2150 sanguinem
1080 2067 1166 2151 post
1192 2063 1352 2122 mortem
1372 2044 1600 2140 recessisse,
1640 2066 1880 2127 cunctarero
1896 2052 2046 2150 intesti-
2110 2057 2113 2060 ’

358 2225 427 2294 na,
454 2201 582 2303 hepar,
604 2201 705 2294 lien,
729 2203 928 2304 pulmones
953 2222 993 2276 et
1016 2205 1135 2304 ipsum
1160 2199 1356 2276 cerebrum
1391 2198 1577 2274 rubedine
1613 2201 1753 2302 insigni
1786 2203 1929 2280 imbuta
1951 2162 2047 2294 ease.

356 2352 544 2454 Equidem
574 2353 712 2446 eredo,
737 2378 960 2455 processum
993 2353 1318 2428 inflammatorium
1342 2353 1393 2434 ob
1410 2353 1658 2453 praeeipitem
1682 2369 1721 2428 et
1745 2380 1926 2435 summam
1947 2385 2048 2435 mor.

358 2504 398 2580 bi
424 2497 695 2584 vehementiam
718 2507 830 2580 nimis
858 2527 1052 2582 extensum
1077 2507 1225 2596 luisse,
1241 2531 1357 2603 quam
1381 2523 1422 2580 ut
1447 2506 1487 2580 in
1512 2505 1610 2582 locis
1637 2505 1751 2595 certis
1772 2505 1959 2609 figeretur.

269 2689 353 2778 334.
519 2675 603 2747 Hoc
630 2675 922 2776 experimentum
945 2675 1050 2748 vario
1069 2651 1185 2748 modo
1210 2673 1464 2747 modificatum
1482 2673 1574 2750 vidi.
1625 2673 1668 2748 si
1693 2699 1818 2748 mures
1836 2677 1922 2768 rati,
1946 2702 2044 2751 sum·

232 2925 237 2932 Ι
352 2849 468 2918 mam,
496 2849 610 2926 quum
638 2823 860 2924 ligarentur,
895 2827 1144 2926 agitationem
1176 2825 1299 2927 passi,
1332 2823 1459 2898 subito
1487 2823 1743 2928 experimento
1772 2826 2042 2921 tradebantur,

350 2977 706 3080 metamorphosium
716 3031 728 3068 ,
742 2978 845 3062 ,inde
863 2979 1156 3078 emergentium,
1184 2977 1333 3052 indoles
1357 2994 1394 3076 et
1412 2975 1589 3050 decursus
1601 2966 1720 3052 valde¹
1738 2977 2036 3086 pessumdaban-

350 3086 422 3208 tbr.
473 3131 570 3203 Nam
590 3146 716 3202 motus
743 3131 935 3230 sanguinis
957 3103 997 3202 iu
1019 3129 1115 3205 vasis
1164 3127 1383 3244 mesenterii
1412 3129 1577 3229 propriis
1603 3113 1783 3204 ritissime
1806 3118 2047 3233 perturbatur

354 3300 392 3354 et
412 3280 633 3376 tollebatur,
673 3280 786 3355 tubus
823 3307 911 3356 vero
943 3282 1170 3356 intestinalis
1204 3279 1417 3380 squalidum
1443 3274 1622 3354 induebat
1650 3262 1839 3390 'colorem,
1884 3302 1923 3357 et
1948 3311 2038 3358 rasa

354 3453 490 3511 cuncta
514 3435 658 3536 majore
690 3435 818 3537 potius
845 3433 1059 3528 tumebant,
1100 3459 1212 3534 quam
1245 3431 1459 3534 turgebant.
1511 3433 1661 3508 Sensim
1676 3435 1844 3510 colorem
1871 3438 2034 3538 accipie.

356 3589 448 3663 bant
473 3587 796 3663 cocrulesceutem
826 3585 998 3678 lividum,
1027 3601 1118 3659 tunc
1141 3588 1312 3660 maculae
1335 3587 1448 3679 bine,
1476 3587 1581 3661 illiue
1606 3589 1645 3661 in
1662 3587 1859 3689 superficie
1880 3587 1963 3663 tubi
1981 3589 2038 3662 in·

358 3739 583 3842 surgebant,
608 3764 706 3840 quae
725 3763 976 3840 gaugreeuam
993 3736 1221 3814 indicebant.
1250 3739 1353 3812 Mors
1379 3737 1456 3811 cito
1476 3737 1631 3816 scenam'
1650 3731 1803 3834 clausit,
1831 3767 1944 3840 quum
1963 3741 2042 3814 ani·

348 3894 423 3969 mal
459 3895 499 3968 iu
526 3891 782 3994 experimento
799 3889 919 3994 priori
948 3915 1020 3991 per
1039 3891 1185 3992 aliquot
1200 3889 1314 3964 bores
1340 3890 1505 3967 risisset.

514 4091 607 4170 ldeo
634 4091 761 4178 omnia
789 4087 981 4180 animalia,
1006 4112 1101 4190 prae
1123 4088 1259 4164 ceteris
1286 4117 1378 4167 rere
1401 4093 1495 4183 rati,
1521 4093 1555 4166 si
1579 4091 1694 4192 ligata
1724 4111 1833 4186 sunt,
1877 4119 1946 4197 per
1972 4094 2040 4168 ali.

349 4265 442 4348 quot
455 4263 602 4347 tempus
617 4242 736 4344 quieti
746 4241 930 4318 committi
940 4238 1093 4328 debent,
1101 4241 1316 4342 priusquam
1334 4245 1590 4344 experimento
1606 4247 1814 4331 traduntur,
1834 4266 1884 4320 ne
1906 4273 1949 4320 ex
1962 4249 2040 4346 egi·

344 4403 488 4478 tatione
509 4398 626 4472 nimia
653 4419 874 4500 praegressa
900 4417 999 4469 mors
1024 4417 1206 4496 praeceps
1232 4411 1269 4468 et
1300 4395 1608 4495 gungrueuatubi
1625 4385 1847 4472 intestiuulis
1861 4400 2040 4475 aceiatur.

265 4625 347 4692 325·
513 4578 637 4654 Etiam
662 4575 736 4651 alio
761 4574 877 4649 mode
903 4569 984 4648 tubi
1006 4573 1230 4652 intestiualis
1258 4605 1511 4678 gangraenam
1540 4595 1660 4654 ortam
1696 4572 1793 4669 vidi,
1837 4543 2040 4677 quum'ra·

353 4753 431 4826 tus,
457 4759 525 4837 per
558 4731 709 4830 longius
729 4727 915 4830 temporis
930 4695 1162 4803 intendlum
1190 4730 1229 4804 in
1252 4731 1386 4806 vinum
1408 4730 1575 4806 reclusus
1601 4747 1639 4806 ct
1669 4727 1884 4820 exhaustus,
1952 4737 2038 4805 aere

353 4890 395 4961 iu
416 4887 603 4962 abdomen
632 4881 780 4972 inssato,
804 4877 994 4981 periisset.
