4800 6194
501 587 525 646 ‘
1181 629 1206 694 τ

343 860 418 937 qne
443 829 539 908 talce
554 824 719 915 laboret,
735 819 828 922 quin
848 817 1058 919 ligaturam,
1075 815 1226 894 aliudve
1244 813 1483 894 administret
1491 813 1812 918 compretterium
1840 813 2046 914 artificiale,

340 986 503 1090 peragit,
543 979 704 1055 inlluxua
725 974 947 1068 eolumodo,
973 991 1133 1049 naturae
1154 971 1348 1050 conamini
1372 970 1602 1064 contrarios,
1629 979 1779 1048 moena.

278 1218 342 1284 30,
511 1185 626 1292 Quod
650 1185 699 1259 ad
724 1209 900 1262 vatorum
944 1181 1215 1256 retractionem
1240 1197 1280 1257 ct
1303 1179 1605 1258 contractionem
1629 1178 1672 1254 in
1696 1179 1934 1275 animalibus,
1959 1205 2047 1258 tau·

219 1351 225 1364 '
345 1345 458 1446 gaiae
484 1341 612 1418 calide
643 1339 839 1443 praeditis,
864 1339 1048 1442 pertinet,
1081 1365 1128 1413 ex
1153 1339 1314 1439 egregiis
1351 1337 1401 1413 cl.
1446 1335 1591 1412 Iouccii
1635 1333 1832 1412 laboribus
1865 1337 2048 1414 certium

344 1501 473 1591 limus,
498 1497 635 1574 iictletu
659 1496 826 1598 gaudere
850 1519 941 1570 raca
965 1493 1108 1596 ubique
1134 1481 1513 1596 metamorphotibuc.

628 1815 672 1901 3.
735 1803 1025 1896 Vulnera
1084 1809 1350 1910 contusa
1407 1805 1468 1890 et
1525 1801 1762 1892 lacera.

277 2033 341 2098 ³1·
512 2028 682 2104 Vulnera
704 2028 802 2103 ltacc
826 2027 1060 2128 marginibus
1086 2043 1174 2102 sunt
1209 2029 1392 2102 instructa
1415 2052 1549 2129 parum
1582 2025 1899 2128 circumscriptis,
1936 2051 2047 2128 quac,

227 2147 239 2158 .
343 2188 418 2262 esti
441 2185 698 2290 parencltyma
722 2183 908 2259 mansius
936 2184 1081 2260 laesum
1107 2208 1193 2259 ecce
1226 2181 1370 2276 soleat,
1395 2199 1522 2256 tamen
1549 2183 1685 2282 exigua
1718 2180 1831 2256 oculo
1864 2179 2051 2284 praebent

341 2342 619 2444 phaenomena.

273 2545 332 2610 ³2·
512 2521 680 2596 Vulnera
707 2537 879 2612 centurn,
914 2516 1063 2622 quibue'
1077 2519 1292 2622 superficiei
1309 2517 1540 2634 pontinnitas
1556 2543 1637 2592 non
1653 2533 1713 2591 cet
1734 2515 1855 2611 laeta,
1895 2513 2051 2594 bacmo-

341 2677 480 2752 rrltoca
505 2675 600 2752 forie
627 2675 782 2778 expulsa
807 2693 957 2768 carent,
979 2673 1049 2749 ced
1082 2675 1238 2776 sanguis
1265 2673 1365 2748 intra
1395 2672 1703 2777 parenchymatie
1725 2673 1914 2773 margines
1929 2669 2050 2746 effun-
2138 2649 2147 2662 ’

341 2831 453 2918 ditur,
479 2847 520 2902 et
544 2855 631 2903 curn
653 2829 950 2928 parencltymate
977 2827 1085 2900 laeso
1112 2827 1282 2906 confluit.
1307 2871 1358 2886 -
1390 2830 1543 2902 Lei-iuri
1568 2827 1808 2903 contusionis
1840 2827 1958 2927 gradu
1980 2813 2049 2902 ali·

342 3000 438 3083 quot
461 3007 550 3056 vaca
576 2980 771 3082 capillaria
809 2949 1101 3078 extinguunturj
1122 3004 1221 3079 quae
1247 2980 1443 3078 sanguinis
1470 2979 1634 3082 dispersi
1674 2979 1715 3052 in
1749 2979 2048 3082 parencbymate

340 3136 560 3236 relinquunt
584 3133 765 3210 maculae.
818 3133 862 3206 si
886 3157 1005 3207 venae
1030 3133 1196 3233 majores
1235 3151 1450 3234 tanguntur,
1476 3151 1601 3210 mutue
1648 3135 1844 3236 sauguinis
1885 3135 1929 3208 in
1973 3133 2049 3210 illic

339 3289 531 3380 turbatur,
579 3285 793 3360 retardatur
832 3305 872 3360 et
902 3287 1004 3361 rasit
1038 3287 1201 3384 parietes
1228 3281 1442 3363 dilatantur.
1499 3291 1771 3390 Aneurysmate
1796 3287 1875 3362 vitli
1909 3287 2047 3364 cxiutlc

342 3426 504 3519 exculta·
522 3443 560 3514 in
587 3441 686 3514 vasis
710 3465 827 3512 ranae
854 3440 1083 3512 meseraicis.
1138 3442 1308 3513 Arteriae
1334 3443 1504 3516 minores
1529 3461 1569 3516 et
1593 3467 1684 3518 vaaa
1709 3457 1847 3517 cuncta
1885 3441 2048 3517 maxima

344 3597 589 3694 (mesaraica)
614 3610 740 3667 motus
764 3591 1006 3696 rapiditatem
1030 3617 1108 3665 uon
1143 3611 1303 3688 eruunt3
1333 3593 1404 3668 sed
1437 3595 1584 3697 majore
1607 3595 1698 3670 mali
1722 3594 1842 3697 gradu
1865 3619 2046 3696 rumpun-

340 3767 424 3842 tur,
467 3767 509 3822 nt
547 3749 771 3849 sanguinem
808 3749 850 3821 in
903 3747 1161 3852 parencbyma
1210 3746 1421 3824 demittant.
1502 3747 1691 3827 Cubitidic
1731 3773 1824 3828 mc
1863 3747 2044 3826 facillime
2156 3799 2161 3815 ·

341 3903 408 3976 tali
433 3903 549 3979 modo
576 3921 809 4005 rumpuntur.

505 4139 549 4208 Si
574 4137 771 4213 circulatio
798 4135 1083 4238 quedammodo
1109 4137 1368 4240 intercipitur,
1394 4141 1548 4244 sanguia
1571 4166 1644 4245 per
1667 4167 1794 4220 ramat
1819 4159 2041 4220 tumtumc·

341 4292 441 4365 ticoc
468 4292 636 4364 tramites
661 4289 736 4366 eibi
762 4293 930 4393 quaerit,
959 4320 984 4370 a
1007 4292 1116 4368 turba
1139 4292 1295 4368 liberor.

273 4549 334 4614 ³3.
501 4503 545 4572 ln
581 4499 799 4574 vulneribus
833 4499 990 4596 laceris,
1028 4502 1068 4575 in
1110 4501 1248 4604 quibua
1290 4503 1535 4580 contusionis
1574 4503 1709 4581 urbae
1749 4529 1836 4581 cnm
1873 4505 1949 4583 illic
1983 4531 2044 4583 re·

285 4747 289 4756 .
338 4654 496 4730 cisionis
532 4671 624 4730 eunt
655 4656 812 4750 mixtae,
839 4656 1134 4733 haemorrhoeac
1175 4661 1363 4736 accedunt
1390 4662 1558 4761 insignat
1566 4715 1579 4754 ,
1606 4659 1854 4737 difficillimae
1878 4659 2043 4764 placata.

341 4812 526 4886 vasorum
552 4811 650 4904 oetia
680 4811 781 4913 juste
806 4839 879 4888 nec
914 4813 1069 4910 retrahi,
1095 4841 1167 4892 nec
1213 4814 1389 4890 contrabi
1434 4832 1605 4918 poscunt.
1666 4814 1830 4893 Placctic
1864 4815 2042 4918 denique,

343 4959 509 5038 thrombi
532 4983 677 5044 certant
698 4949 863 5050 maximi·
