4848 6194
1248 659 1298 742 oa

338 885 426 952 245·
574 867 884 976 'MuriasSodaa
912 868 978 970 qui
996 866 1036 940 in
1064 869 1208 968 organo
1228 888 1321 938 sano
1340 878 1459 936 stascs
1479 861 1633 938 eximias
1659 865 1806 957 excitat,
1833 881 1953 960 stascs
1977 865 2123 961 rubras,

430 1027 508 1105 cito
545 1045 646 1102 ortas
686 1043 724 1102 et
760 1023 1062 1126 circumscriptas
1095 1047 1175 1095 non
1207 1019 1366 1122 emplius
1392 1019 1550 1116 evolvit,
1591 1018 1659 1094 scd
1689 1016 1823 1119 longas
1853 1021 2124 1120 oscillationes,

433 1207 532 1286 quae
558 1183 598 1256 iu
626 1179 846 1284 ampliorem
874 1177 1122 1253 extenduntur
1146 1174 1337 1268 ambitum,
1364 1191 1483 1248 stases
1498 1171 1663 1276 denique
1688 1191 1897 1273 sequuntur
1922 1173 2125 1278 dispersio·

432 1361 513 1428 res,
551 1335 674 1409 minus
700 1333 837 1408 rubrae
862 1333 1061 1432 minusque
1087 1329 1403 1432 circumscriptae.
1462 1327 1631 1402 Muriatis
1656 1329 1890 1422 Ammonias,
1917 1313 2123 1424 Alcobolis,

432 1487 506 1564 olei
532 1487 810 1562 terebinthinae
837 1505 907 1562 ete.
932 1485 1053 1559 levior
1079 1459 1202 1578 dosis,
1244 1484 1446 1560 affcctione
1470 1484 1548 1586 jam
1566 1500 1755 1584 regnante
1763 1538 1775 1576 ,
1819 1484 1923 1558 illum
1949 1483 2125 1558 exhibue·

428 1657 518 1714 runt
543 1658 734 1736 eventum,
761 1663 892 1744 'quem
917 1637 957 1712 in
984 1656 1082 1714 statu
1107 1639 1269 1713 normali
1288 1641 1410 1716 doses
1435 1639 1619 1714 maximae
1645 1639 1707 1714 rix
1729 1640 2006 1740 producebant.
2052 1651 2123 1722 Le·

430 1796 666 1876 tissimoruut
694 1796 794 1871 aetio
820 1794 1021 1869 inssuxuum
1043 1773 1222 1868 facillime
1248 1795 1288 1868 in
1314 1795 1477 1897 amplum
1511 1791 1794 1897 expandebatur
1818 1797 2027 1871 circuitum.
2076 1815 2125 1881 Ει

431 1951 543 2026 sicuti
568 1950 636 2026 suh
662 1951 734 2026 hac
759 1976 884 2023 rerum
910 1949 1132 2023 conditione
1157 1948 1290 2022 turbae
1317 1948 1546 2040 invasionis,
1573 1946 1627 2022 ita
1652 1947 1766 2022 etiam
1791 1953 1952 2028 stadium
1980 1959 2125 2036 coctio·

399 2156 403 2164 .
428 2106 487 2179 nis
512 2102 835 2212 pessumdabatur,
869 2119 909 2178 et
932 2104 1031 2177 inter
1055 2103 1220 2206 pessima
1244 2100 1399 2178 vulnera
1422 2103 1498 2176 boc
1521 2101 1638 2176 'modo
1666 2118 1748 2175 orta
1775 2123 1882 2178 crant
1906 2109 2121 2193 referenda.

339 2329 425 2399 244.
594 2310 643 2386 si·
677 2335 769 2386 rero
807 2308 1005 2384 muriatem
1044 2309 1172 2384 Sodae
1213 2308 1365 2408 saepius
1403 2323 1443 2380 et
1478 2331 1615 2408 magna
1653 2305 1766 2406 copia
1802 2307 2124 2414 administrabam,

428 2483 550 2542 stases
574 2463 663 2584 inde
688 2463 832 2540 sensim
855 2463 1105 2564 augebantur,
1151 2485 1225 2534 aee
1258 2458 1410 2533 affectio
1442 2459 1483 2532 in
1511 2457 1657 2560 cyclum
1681 2457 1853 2535 latiorem
1880 2469 2039 2570 amplius
2062 2499 2124 2548 ex.

428 2616 558 2721 pandi,
585 2617 654 2692 sed
678 2617 729 2692 ad
752 2616 890 2710 locum,
917 2615 1079 2692 stasibus
1105 2631 1344 2718 occupatum,
1367 2611 1489 2712 magis
1512 2609 1642 2710 colligi
1667 2627 1705 2683 et
1726 2613 1890 2713 judicari
1915 2595 2124 2714 ridebatur.

426 2771 633 2848 Muriatem
658 2769 785 2844 Sodaa
808 2770 921 2869 igitur
945 2769 986 2841 in
1013 2767 1214 2842 affectione
1243 2767 1316 2838 hnc
1340 2765 1454 2840 sicuti
1477 2764 1791 2840 medicamentum
1817 2770 1960 2868 egisse,
1993 2778 2124 2874 eredo,

426 2950 542 3025 quum
567 2921 807 2998 affectionem
830 2923 871 2996 in
895 2922 1024 2998 locum
1045 2918 1369 3021 circumscriptum
1393 2918 1563 2996 derirare
1589 2933 1770 3012 conatus,
1807 2919 2030 3004 affectiones
2053 2931 2125 3036 pe}

425 3077 636 3180 ripharicas
660 3093 833 3150 extensas
856 3073 1078 3176 mitigasset.

336 3329 424 3396 245.
569 3306 714 3381 ‘Simili
738 3307 856 3382 modo
881 3303 1044 3380 influxus
1054 3304 1145 3380 nori
1167 3303 1207 3376 in
1230 3301 1415 3406 partibus,
1441 3328 1465 3378 a
1489 3303 1669 3406 quopiam
1695 3302 1836 3380 iniluxu
1858 3307 1937 3408 jam
1962 3310 2122 3410 affectis,

425 3457 629 3562 singularia
652 3457 840 3562 parabant
862 3459 1140 3562 phaenomena.

596 3691 638 3765 Si
664 3715 711 3765 ex
732 3689 893 3764 iniimus
916 3688 1068 3766 levioris
1084 3689 1235 3764 actione
1252 3704 1373 3762 stases
1390 3689 1542 3790 topicae
1558 3688 1878 3794 circumscriptae,
1902 3721 2002 3795 quae
2017 3699 2120 3773 nulla

427 3841 711 3916 turbaeinctae
726 3859 844 3936 erant,
869 3843 924 3916 uti
949 3861 1038 3944 post
1062 3841 1356 3958 applicationem
1378 3837 1542 3939 frigoris,
1567 3841 1740 3916 muriatis
1764 3843 1904 3938 Sodae,
1931 3871 1999 3922 seu
2024 3849 2121 3945 aliis,

425 3993 543 4070 larius
570 3995 789 4095 agentibus,
812 3995 896 4070 fieri
914 3993 1053 4088 soluit,
1077 3993 1290 4086 restabant,
1325 4017 1349 4066 a
1372 3993 1483 4068 noris
1509 3989 1711 4066 influxibus
1730 3993 1804 4069 ¹bas
1828 4015 1951 4072 stases
1974 4005 2122 4103 saepis-

314 4121 319 4130 1
424 4152 520 4226 sime
546 4149 689 4228 solutas
713 4151 803 4227 ridi.
867 4151 953 4226 Hoc
984 4174 1105 4250 scopo
1131 4148 1298 4224 calorem
1320 4144 1524 4238 modicum,
1548 4144 1669 4244 frigus
1692 4147 1906 4246 modicum,
1940 4151 2124 4232 leviorem

424 4306 619 4380 Alcoholis
645 4331 712 4422 seu
736 4303 911 4380 Aetheris
936 4301 1048 4378 dosin
1074 4301 1272 4405 applicari,
1298 4315 1336 4374 et
1361 4316 1533 4394 cunctae,
1559 4297 1646 4373 dum
1671 4303 1867 4401 sanguinis
1893 4303 2073 4407 impetum
2098 4333 2122 4382 a

427 4475 536 4560 tergo
551 4457 753 4558 augebant,
775 4474 815 4530 et
836 4459 976 4532 undam
992 4457 1144 4560 plenam
1161 4480 1290 4531 versus
1307 4469 1428 4528 stases
1449 4453 1736 4556 protendebant,
1765 4473 1887 4531 stases
1911 4456 2121 4538 solvebant.
2235 4539 2240 4548 ,

318 4609 325 4624 ’
427 4599 573 4688 Pariter
598 4611 736 4698 etiam,
767 4637 884 4712 quum
906 4609 1007 4682 haud
1031 4607 1167 4711 procul
1191 4632 1215 4680 a
1236 4606 1326 4682 loco
1352 4606 1490 4683 affecto
1514 4632 1648 4684 renam
1673 4607 1910 4700 incidissem,
1951 4629 2073 4691 stases
2098 4639 2122 4688 a

429 4766 634 4865 sanguino,
659 4790 799 4864 magno
823 4765 965 4864 impetu
987 4789 1118 4838 versus
1140 4761 1274 4836 uulnus
1299 4761 1443 4862 ubique
1467 4759 1702 4854 confluente,
1735 4761 1913 4866 abreptas
1936 4765 2026 4840 vidi.
2076 4769 2120 4840 in

432 4943 569 5018 genere
595 4933 717 4993 stascs
740 4917 1043 5024 circumscriptas
1073 4933 1113 4991 et
1136 4914 1339 4992 affcctione
1364 4917 1540 5018 cingente
1577 4933 1762 5008 carentes,
1788 4913 1837 4991 ab
1863 4917 1968 4992 omni
1990 4917 2118 4994 medio
