4838 6192
1089 531 1095 538 ’
1182 569 1248 628 ιιι

363 751 559 840 remotior)
598 731 672 840 (b)‘
693 700 894 820 directione
924 755 1089 824 normali
1122 755 1321 836 contraria,
1356 761 1393 824 et
1418 776 1438 826 c
1468 757 1579 826 ramis
1605 757 1749 824 cunctis
1776 753 1975 824 directione
1999 752 2051 824 in·

362 925 464 976 serso
488 902 619 972 vulnus
643 906 752 994 petit,
798 911 905 997 atque
930 901 1018 976 foris
1044 910 1311 998 praecipitatur.
1347 904 1611 998 (Directionem
1627 907 1700 979 tela
1717 869 1884 1000 dpposita
1903 905 2053 976 demon·

362 1051 512 1156 strent).
566 1055 688 1126 simut
714 1077 883 1126 vesorum
908 1063 1064 1150 parietes
1086 1057 1312 1144 infundibuli
1336 1059 1383 1128 ad
1408 1063 1521 1130 instar
1546 1062 1821 1132 contrabuntur.

226 1207 306 1305 Fig.
325 1221 360 1286 t.
525 1209 817 1292 Haemorrboea,
841 1215 1060 1282 anastomosi
1086 1172 1287 1303 impetrato,
1313 1213 1406 1284 silet.
1453 1213 1548 1284 Nem
1574 1213 1661 1284 dum
1684 1212 1804 1284 undae
1829 1215 1987 1304 impetus
2012 1213 2051 1280 iu

360 1337 493 1418 ramis,
530 1337 570 1404 in
595 1333 731 1427 quibus
757 1345 811 1406 est
836 1341 998 1420 inversa,
1031 1343 1167 1408 sensim
1192 1339 1431 1433 infrangitur,
1457 1340 1503 1408 ab
1525 1341 1624 1410 unda
1650 1342 1720 1411 alia
1747 1341 1887 1434 potiori
1913 1337 2051 1408 sensim

359 1488 576 1594 retruditur,
604 1495 641 1558 et
665 1489 815 1560 demum
840 1494 1051 1574 invertitur3
1076 1495 1199 1584 potior
1224 1513 1331 1572 sero,
1355 1493 1450 1562 banc
1475 1496 1655 1562 inversam
1680 1501 1825 1576 secuta,
1852 1515 1872 1560 a
1898 1489 2051 1560 vulnere

358 1645 550 1716 derivatur.
576 1643 809 1714 'Ibuncorum
834 1667 918 1738 pars
935 1642 1008 1738 (b),
1025 1667 1119 1740 quas
1144 1648 1241 1716 inter
1264 1645 1425 1717 vulneris
1450 1651 1587 1718 ostium
1614 1654 1651 1715 et
1674 1668 1819 1714 ramum
1843 1651 2048 1716 anastomo-

278 1817 282 1822 '
339 1786 472 1869 'ticum
514 1798 570 1890 (c)
600 1794 710 1892 jacet,
758 1821 780 1868 a
812 1804 989 1892 sanguine
1029 1800 1229 1869 circulante
1263 1797 1433 1884 liberata,
1474 1823 1588 1870 sacua
1623 1783 1688 1869 sen
1730 1795 1845 1868 lluido
1883 1797 2045 1890 quodam

355 1951 540 2044 pellucido
577 1953 724 2046 impleta
762 1960 830 2026 cst.
880 1951 936 2026 bd
960 1952 1155 2048 angulum,
1194 1957 1234 2022 in
1272 1974 1383 2046 quem
1408 1952 1569 2048 globuli,
1605 1954 1730 2023 lumen
1762 1957 1887 2022 trunci
1912 1955 2047 2022 resecti

355 2111 525 2196 apertum
550 2115 779 2198 spernentes,
815 2110 853 2176 in
887 2125 1034 2174 ramum
1059 2110 1366 2176 anastomoticum
1392 2101 1653 2188 deflectuntur,
1688 2115 1815 2178 vortex
1841 2105 1901 2177 ille
1928 2111 2047 2180 mirus

353 2259 482 2337 oritur,
508 2277 617 2352 prem
644 2254 787 2350 globuli
812 2261 945 2355 singuli
971 2258 1173 2342 evadentes,
1193 2263 1266 2330 cito
1291 2264 1425 2330 iterum
1451 2269 1591 2354 petunt.
1642 2260 1852 2332 Tbrombus
1876 2264 2042 2334 internus

314 2455 318 2462 ·
351 2410 551 2482 levissimus
576 2410 803 2506 marginibus
829 2411 963 2505 gaudet
987 2409 1174 2496 floccosis,
1203 2418 1300 2484 circo
1325 2435 1418 2508 quos
1443 2413 1613 2511 granula,
1638 2416 1780 2487 nucleis
1806 2412 2043 2512 globulorum

351 2541 539 2632 sauguinis
565 2537 662 2608 baud
691 2537 882 2622 dissimilia,
909 2559 1031 2632 sparsa
1056 2547 1152 2611 sunt.

970 2939 1424 3032 Tabulalb

209 3175 289 3272 pig·
308 3188 346 3251 3·
512 3145 752 3218 Membranac
766 3149 981 3217 ’santonas
1005 3118 1114 3218 renas
1137 3167 1234 3239 pars,
1260 3167 1355 3240 quae
1376 3147 1471 3216 inter
1494 3145 1603 3217 binos
1632 3143 1764 3240 digitos
1789 3167 1944 3239 expansa
1971 3155 2041 3220 cst.

347 3301 511 3375 Asteriae
552 3293 609 3396 (a)
637 3309 811 3383 etvenac
846 3294 910 3392 (b)
935 3297 1064 3370 babitu
1098 3299 1201 3368 ratde
1224 3304 1319 3370 inter
1342 3321 1382 3370 se
1408 3298 1601 3384 differunt,
1642 3304 1714 3384 ito,
1752 3293 1891 3395 etjam
1916 3303 2038 3394 primo

299 3509 303 3516 .
345 3456 483 3528 intuitu
508 3453 613 3526 facile
639 3455 921 3548 distinguantur.
972 3447 1135 3521 Ameriae
1160 3459 1282 3522 motus
1306 3407 1500 3548 rapiditate
1524 3455 1670 3550 insigni,
1694 3456 1879 3544 parietum
1907 3459 2042 3527 vidute

345 3615 383 3680 et
406 3605 530 3680 colore
554 3607 768 3702 pallidiorc;
798 3625 909 3676 rensc
935 3625 1020 3675 vero
1045 3601 1207 3686 ambitu,
1245 3624 1402 3672 numero
1434 3607 1606 3676 eiramis
1631 3613 1669 3676 et
1692 3603 1839 3678 llexuris
1864 3606 2037 3702 frequen·
2121 3603 2126 3608 ’

343 3764 502 3838 tiortbus
526 3762 719 3834 excellunt.
772 3757 829 3832 Ad
857 3760 1010 3830 arteriae
1033 3721 1188 3852 magnus
1213 3755 1408 3852 angulum,
1448 3761 1512 3852 qui
1543 3767 1600 3829 cst
1622 3760 1781 3853 primns,
1821 3758 2038 3836 locomotio·

341 3941 427 3992 nem
451 3917 527 3990 vidi
552 3919 834 4010 contingentem.
883 3877 1048 3986 Arterias
1072 3909 1195 3981 subito
1219 3913 1407 3982 intumos
1433 3910 1644 3990 dilabuntur
1669 3915 1867 4009 capillaceo,
1900 3921 1964 4012 qui
1989 3919 2031 3992 in
2169 3979 2173 3987 .

340 4039 429 4146 rete·
442 4068 627 4167 quoddam
664 4071 934 4148 contexuntur,
973 4082 1095 4158 equo
1127 4083 1238 4134 venae
1270 4064 1365 4135 clam
1377 4073 1587 4163 emergunt.
1635 4066 1727 4140 Vasa
1752 4071 1894 4142 minora
1919 4089 2029 4142 ranae
2151 4085 2156 4102 ·

339 4232 453 4318 magis
477 4223 693 4306 ilectuutur,
728 4241 839 4317 quom
866 4219 930 4290 ille
950 4213 1145 4304 cobitides3
1165 4227 1334 4292 atiamen-
1350 4221 1494 4290 minora
1516 4221 1632 4317 magis
1656 4219 1726 4292 sub
1750 4221 1892 4318 augplis
1915 4225 2030 4296 moos

337 4387 431 4454 inter
454 4401 494 4452 ss
518 4365 747 4457 inseruntur,
783 4393 896 4468 quam
920 4365 1072 4467 majora.
1120 4371 1215 4444 Vasa
1254 4381 1386 4446 cuncta
1419 4379 1459 4444 in
1483 4374 1601 4446 tribus
1627 4381 1711 4446 sunt
1734 4374 1908 4469 disposita
1935 4381 2024 4450 stra·

337 4540 404 4618 tis,
432 4553 604 4628 quorum·
613 4529 778 4602 medium
801 4549 823 4600 ιι
847 4529 945 4600 vasis
968 4481 1195 4623 majoribus.
1227 4535 1370 4600 aterna
1394 4549 1482 4602 vcro
1506 4551 1527 4600 a
1552 4529 1756 4608 minodbm
1783 4535 2020 4625 occupantur.

335 4685 584 4783 Parencbyma
615 4686 793 4782 pigmenti
815 4684 913 4780 nigri
936 4681 1115 4767 maculis,
1147 4703 1242 4777 quae
1266 4678 1421 4752 formam
1447 4682 1673 4756 stellularum
1695 4657 1850 4758 induere
1875 4683 2025 4770 solent.

336 4837 498 4914 obctbun
522 4827 594 4927 esta
620 4859 712 4937 quas
732 4861 818 4913 vero
842 4842 886 4910 in
903 4837 992 4910 loco
1015 4857 1128 4930 parvo
1153 4836 1386 4910 solummodo
1402 4835 1558 4934 depinxi,
1584 4845 1840 4934 neuportum
1853 4836 2020 4934 mebant,
