4838 6192
1255 561 1303 625 24

427 753 722 856 perenchymate
749 745 968 822 membrana
989 742 1146 850 propria
1171 745 1296 819 canali
1318 744 1554 839 adnascitur,
1582 773 1700 846 quae,
1727 748 1819 826 licet
1843 756 1962 855 magis
1987 761 2123 860 magis.

428 933 502 1009 que
527 921 706 1006 augeatur
728 921 765 976 et
789 902 1055 988 condensetur,
1080 919 1207 976 tamen
1229 901 1270 974 in
1293 915 1411 975 atrato
1433 901 1566 977 ultimo
1593 919 1748 982 externo
1777 931 1926 1010 semper
1946 937 2031 986 cum
2051 917 2121 1014 pa·
2192 941 2197 950 ·
2228 927 2233 936 ’

426 1061 668 1164 renchymate
696 1059 780 1159 ipso
808 1055 976 1131 conlinit.

596 1241 639 1312 ln
664 1235 807 1312 morbis
829 1261 918 1312 vasa
948 1259 1032 1310 cum
1054 1233 1345 1336 parenchymate
1368 1249 1568 1312 mutantur.

1167 1481 1378 1500 m

347 1751 355 1760 ·
426 1700 628 1795 Sestio
670 1689 739 1792 ΙΙ.
779 1695 1250 1813 Experimento,
1303 1697 1370 1787 in
1410 1697 1684 1790 diversis
1724 1700 2118 1822 animalibus
2219 1759 2224 1768 ·

794 1939 801 1952 .
915 1867 1625 1992 storganisinstituto.

588 2113 622 2178 1.
649 2093 1043 2172 Observationes
1069 2094 1122 2167 in
1147 2095 1450 2179 manenterio
1471 2120 1639 2171 ranae.

330 2304 415 2371 233,
583 2279 684 2382 Quas
695 2302 868 2354 vasorum
880 2275 1097 2372 mesenterii
1110 2275 1256 2350 tradam
1267 2273 1589 2376 metamorphoses
1597 2329 1608 2368 ,
1634 2274 1710 2376 jam
1720 2291 1867 2353 veteres
1883 2273 2118 2380 physiologi,

419 2435 625 2536 interquos
640 2433 812 2508 Hallerus
831 2447 868 2505 et
888 2429 1180 2531 Spallanzanius
1198 2430 1376 2522 eminent,
1398 2426 1498 2502 hene
1514 2427 1700 2504 noverunt
1707 2455 1720 2522 3
1748 2428 1941 2529 sedquum
1957 2430 2113 2503 circula-

380 2645 385 2654 .
416 2587 532 2662 tionis
543 2583 949 2684 causaiuvestigandae
965 2583 1220 2684 experimenta
1235 2581 1497 2676 instituissent,
1523 2583 1792 2684 phaenomena
1808 2581 2112 2676 inflammatoris,

355 2721 363 2734 ⁸
417 2765 515 2850 quae
538 2727 777 2842 potissimum
802 2738 986 2811 illustrare
1012 2759 1149 2826 conor,
1175 2733 1267 2806 licet
1286 2758 1332 2808 ea
1353 2733 1534 2829 viderint,
1560 2736 1818 2836 neglexerunt.
1946 2771 1953 2776 ·

301 2905 417 3008 '289⁴
582 2918 762 3005 Viscera,
790 2943 836 2990 ex
860 2914 1063 2990 abdomine
1086 2937 1261 2988 ranamm
1287 2925 1417 3014 aperto
1440 2899 1652 3016 protracta,
1677 2941 1815 3018 magno
1839 2939 1990 3018 semper
2016 2913 2113 2989 affli-

322 3061 325 3070 ’
416 3093 554 3175 guntin
590 3069 768 3162 damno,¹
793 3095 870 3168 quo
902 3067 1080 3144 normalis
1108 3092 1284 3140 rasorum
1308 3065 1478 3174 conditio
1511 3069 1589 3144 cito
1619 3087 1782 3146 mutatur
1810 3086 1848 3144 et
1877 3068 1927 3144 ad
1949 3087 2110 3146 mortem

417 3249 537 3324 usque
563 3223 775 3298 deducitur.
840 3221 921 3294 Nec
947 3243 997 3292 ne
1025 3217 1094 3292 sub
1121 3217 1361 3294 faustissimis
1381 3221 1534 3322 quidem
1557 3227 1736 3328 auspiciis
1767 3223 1819 3300 ob
1844 3223 2112 3328 applicationis

416 3379 493 3455 rim
517 3375 699 3452 circulum
721 3372 915 3472 sanguinis
940 3371 1167 3446 incolumem
1192 3373 1441 3476 contemplari
1467 3376 1568 3454 licet.
1629 3380 1744 3474 Ideo,
1780 3395 1824 3454 ut
1847 3377 2104 3457 circulationis

416 3531 507 3606 iude
522 3545 814 3632 'cognoscantur
833 3524 1074 3602 conditiones
1095 3519 1301 3619 normales,
1323 3530 1590 3606 mesenterium
1610 3535 1765 3610 minime
1790 3533 1961 3634 quadrat.

1117 3657 1128 3682 s

588 3709 675 3782 Duo
705 3706 845 3782 adsunt
876 3705 917 3778 in
950 3704 1187 3780 mesentetio'
1214 3729 1388 3782 vasorum
1419 3735 1582 3808 generas
1607 3739 1697 3791 vasa
1725 3717 1936 3794 meseralca
1963 3741 2111 3818 magna„

418 3885 515 3960 quae
536 3859 757 3959 sanguinem
781 3863 827 3934 ad
848 3857 978 3934 tubum
1001 3855 1255 3951 intestin'alem
1278 3855 1489 3956 devehunt,
1521 3882 1560 3940 et
1585 3893 1674 3944 vasa
1694 3873 1913 3949 mesentarii
1934 3874 2110 3976 propria,

336 3993 338 4003 ¹
418 4013 458 4084 in
481 4011 678 4114 superlicio
698 4012 912 4106 distributa,
940 4035 1038 4112 quae
1066 4009 1175 4087 valde
1196 4009 1329 4110 exigua
1350 4029 1448 4088 sunt.

234 4168 236 4176 ἲ
329 4223 417 4304 29¹·
582 4195 645 4266 Ex·
675 4191 939 4294 applicationis
971 4190 1009 4265 vi
1036 4188 1231 4290 sanguinis
1260 4205 1384 4266 motus
1413 4191 1557 4296 ubique
1587 4217 1761 4300 nugatum,
1791 4219 1830 4276 et
1859 4201 2012 4306 plenior
2043 4227 2110 4298 per

418 4345 546 4418 omnia
578 4369 667 4422 rasa
700 4346 894 4422 devehitur
921 4345 1036 4420 unda.
1088 4343 1270 4420 Celaritas
1302 4345 1499 4450 inarescit,
1535 4349 1608 4444 ita,
1641 4369 1683 4427 nt
1707 4355 1868 4432 invasis
1892 4355 2109 4430 mesaraicis

417 4471 555 4598 singuli
577 4496 720 4598 globuli
739 4495 859 4572 oculis
883 4495 965 4571 lere
985 4497 1220 4600 disparavit,
1249 4513 1288 4572 et
1306 4497 1417 4572 strias
1439 4501 1681 4582 mentiantur.
1731 4511 1917 4585 Vasorum
1942 4483 2108 4610 parietas

418 4651 524 4726 circa
546 4651 686 4726 undam
712 4649 864 4754 plenam
889 4649 1114 4748 tendentum
1145 4653 1306 4726 arteriae
1327 4651 1428 4726 inter
1452 4679 1568 4730 renas
1594 4659 1770 4734 tensione
1796 4661 1974 4734 eminant.
2026 4661 2108 4735 Nee

414 4829 497 4879 non
517 4823 605 4880 vasu
627 4803 843 4879 mesenterii
862 4805 1018 4908 propria
1035 4805 1230 4910 capillaria
1249 4805 1390 4882 undam
1410 4807 1623 4911 pleniorem
1645 4829 1683 4888 et
1701 4812 1931 4917 rapidiorem
1954 4814 2110 4906 vehunt,
