4800 6194
1230 609 1281 675 u
1391 575 1463 660 ι’

255 799 260 810 ’
324 803 403 890 ιῖῠ.
570 806 695 880 Primo
721 799 914 906 sanguinis
939 817 1063 876 motus
1089 763 1336 893 acceleratur,
1362 798 1465 874 unda
1493 797 1613 875 affluit
1635 791 1807 904 plenior,
1833 831 1924 880 rasa
1948 808 2110 887 tendun-

407 981 467 1036 tur
493 977 531 1035 et
552 957 809 1062 parencbyma
833 973 978 1058 turget3
1003 979 1091 1030 mor
1115 979 1205 1031 tero
1228 954 1356 1030 undae
1380 953 1579 1060 plenitudo
1608 972 1646 1030 et
1671 981 1845 1034 rasorum
1880 962 2005 1038 tensio
2040 966 2109 1040 im·

407 1117 642 1212 minuuntur,
668 1112 737 1189 sed
761 1077 960 1212 permanet
984 1125 1109 1184 motus
1135 1106 1377 1185 acceleratus.
1412 1108 1525 1184 Unda
1546 1107 1663 1213 plena
1685 1137 1757 1216 per
1780 1131 1916 1191 cuneta
1942 1119 2109 1220 aequali·

404 1289 463 1344 ter
488 1269 722 1344 distribuitur
746 1291 855 1360 rasa,
880 1265 1035 1340 minima
1060 1280 1098 1338 et
1121 1263 1282 1338 maxima
1290 1291 1304 1363 3
1332 1291 1409 1366 quo
1435 1263 1494 1358 iit,
1520 1283 1564 1340 ut
1587 1291 1678 1344 rasa
1709 1267 1925 1370 capillaria,
1951 1270 1994 1343 in
2021 1273 2103 1372 qui·

402 1423 472 1498 bus
499 1439 597 1496 statu
623 1419 785 1498 normali
803 1420 946 1521 globuli
972 1420 1080 1521 quasi
1105 1417 1234 1493 furtim
1259 1435 1298 1493 et
1322 1419 1363 1492 in
1383 1417 1590 1496 intervallis
1605 1417 1870 1521 inaequalibus
1888 1423 2103 1528 serpebant,

402 1602 504 1654 nune
531 1577 648 1652 multo
676 1574 838 1652 clariora
863 1573 1025 1652 eradant
1050 1591 1089 1650 et
1111 1571 1260 1650 facilius
1284 1569 1541 1651 observentur.
1598 1648 1602 1658 ,

313 1769 396 1836 m.
564 1757 700 1833 Mirum
723 1758 921 1860 contingit,
949 1755 1037 1831 dum
1061 1754 1256 1857 sanguinis
1282 1753 1513 1830 acceleratur
1537 1773 1673 1850 motus,
1697 1757 2003 1861 phaenomenon.
2024 1747 2102 1836 Su·

398 1938 469 2014 per
493 1911 750 1986 membranam
774 1911 999 1990 natatoriam
1022 1935 1139 1985 ranae
1153 1907 1337 2012 plurimae
1363 1909 1557 2013 dispersae
1574 1930 1663 1987 sunt
1683 1913 1869 2015 pigmenti
1896 1915 1995 2014 nigri
2019 1939 2098 1988 ma·

401 2069 519 2192 cpias,
547 2067 788 2144 stellularum.
802 2065 943 2140 formas
968 2065 1250 2164 hexagonarum
1276 2063 1507 2140 exhibentes.
1529 2066 1636 2140 Motu
1661 2066 1873 2143 accelerato
1899 2066 1987 2142 talis
2012 2069 2101 2143 stel·
2229 2169 2235 2180 ⁸

386 2221 495 2316 ‚lulac
507 2277 521 2315 ,
554 2222 645 2297 hinc
657 2276 670 2314 ‚
697 2219 801 2294 illinc
833 2207 1148 2323 praembrdentur
1187 2199 1336 2322 apices,
1373 2233 1413 2292 et
1443 2216 1597 2292 tandem
1635 2217 1766 2292 stellae
1778 2271 1792 2312 ,
1828 2209 1946 2296 radiis
1981 2219 2099 2298 denu-

395 2379 526 2469 datae,
552 2393 706 2449 truncus
731 2373 835 2450 solus
859 2365 994 2452 restet.
1046 2373 1231 2474 Pigmenti
1262 2371 1468 2475 particulas
1505 2373 1726 2472 sanguinem
1761 2371 1884 2472 ipsum
1919 2372 2093 2476 depasci,

395 2549 434 2606 et
455 2533 496 2603 in
521 2527 700 2604 circulum
727 2524 920 2629 abripere,
947 2527 1097 2630 saepius
1121 2527 1219 2623 ridi3
1245 2523 1316 2600 sed
1348 2549 1464 2626 quum
1498 2513 1723 2627 particulae’
1740 2525 1866 2630 subito
1899 2529 2096 2604 solvuntur

396 2702 434 2758 et
458 2683 714 2784 abripiuntur,
740 2681 781 2753 in
806 2697 1018 2774 momento,
1044 2707 1121 2781 quo
1147 2647 1423 2772 absorbenttir,
1456 2699 1544 2753 raro
1571 2679 1872 2782 conspiciuntur.
1925 2663 2095 2786 Absorp-

392 2839 535 2912 tioncm
559 2859 649 2911 vero
675 2832 862 2934 insignem
886 2833 928 2907 iu
939 2831 1159 2910 membrana
1174 2833 1364 2910 natatoria
1380 2830 1537 2924 absolvi,
1563 2829 1677 2908 facile
1701 2859 1746 2908 er
1771 2860 1819 2911 eo
1843 2823 1960 2938 patet,
1988 2819 2117 2940 quod

392 2990 629 3094 superficies,
655 2989 696 3061 in
722 2986 832 3061 initio
858 2983 1087 3100 stellularum
1113 2987 1262 3088 agmine
1287 2983 1368 3059 fere
1395 3002 1577 3086 opacata,
1603 3013 1692 3063 mox
1717 2985 1828 3063 valde
1862 2975 2094 3094 depuratum,

392 3143 638 3242 stellulaeque
663 3141 770 3242 ipsae
798 3135 969 3240 apicibus
995 3155 1138 3224 carent.
1190 3139 1275 3212 Hoc
1309 3136 1567 3236 absorptionis
1591 3139 1914 3238 phaenomenon‚
1942 3150 2093 3248 quoties
2203 3119 2207 3125 ³

392 3296 586 3399 sanguinis
612 3291 774 3400 cuculus
803 3317 846 3366 er
873 3317 1100 3394 quacunque
1124 3316 1239 3368 causa
1264 3289 1514 3384 acceleratur,
1540 3316 1685 3394 semper
1709 3293 1940 3373 observatur.

1138 3493 1350 3552 ““““““““““,““
1388 3545 1390 3552 ,

1028 3624 1458 3734 Crampus

309 3845 390 3911 12⁹8.
556 3825 738 3928 Saepius,
760 3825 854 3928 quin
877 3823 1026 3926 pressio
1051 3847 1119 3898 seu
1145 3821 1220 3898 alia
1244 3819 1393 3908 affuerit
1418 3825 1764 3921 conterminiam,
1792 3831 1985 3931 sanguinis
2010 3859 2090 3910 mo·

329 4028 333 4036 ,
393 3997 473 4054 tum
498 3981 538 4051 in
564 3979 722 4054 diversis
746 3975 988 4052 membranae
1013 3977 1225 4054 natatoriae
1241 4001 1358 4051 ranae
1381 3977 1477 4054 locis
1494 3983 1617 4078 partis
1645 3999 1684 4056 et
1700 3986 1992 4090 circumscriptis
2010 4013 2092 4088 per·

394 4133 605 4227 turbatum,
632 4133 710 4208 imo
734 4148 853 4207 states
877 4127 999 4206 iactas
1024 4130 1113 4205 ridi.
1163 4127 1292 4205 Altera
1324 4132 1409 4208 rice
1439 4157 1614 4208 vasorum
1652 4137 1816 4237 parietes
1838 4153 1985 4236 tensos,
2013 4143 2089 4220 im'o
2170 4201 2174 4209 .

276 4279 284 4286 ’
390 4287 430 4362 in
456 4286 732 4387 singulislocis
755 4286 982 4364 constrictos
1010 4284 1205 4363 observari
1216 4339 1228 4382 ,
1268 4309 1366 4384 quae
1397 4285 1721 4390 metamorphoses
1753 4288 1931 4368 facillima
1957 4295 2090 4370 iterum

388 4437 642 4517 solvebantur.

557 4590 739 4695 Grampus
763 4592 804 4666 in
827 4587 975 4668 illarum
999 4613 1115 4668 cansa
1138 4589 1256 4667 inisse
1281 4592 1439 4668 videtur.
