4800 6194
1173 604 1177 610 ’
1254 607 1303 672 52

432 799 581 912 scripsi.
632 801 738 876 Haeo
761 797 930 886 affectio,
960 796 1197 900 apartibus,
1225 797 1264 868 in
1287 795 1414 871 stadio
1446 799 1569 899 primo
1603 798 1736 894 laesis,
1769 803 1961 904 profesta,
1988 809 2029 882 in
2055 837 2117 888 or·
2216 819 2218 828 “

430 949 640 1051 ganismum
668 951 851 1053 reliquum
874 950 978 1052 plus,
1004 950 1126 1024 minus
1153 947 1398 1052 expanditur,
1434 967 1472 1024 et
1502 952 1660 1026 maxime
1688 978 1759 1054 pro
1794 928 1976 1034 laesionis
2008 987 2118 1062 prae·

429 1095 580 1204 grossam
607 1101 827 1176 conditione
854 1099 990 1180 differt.
1041 1093 1145 1176 Nam
1161 1101 1332 1178 laesione
1363 1103 1507 1178 leviore
1541 1129 1780 1207 praegressa,
1813 1107 1984 1202 affectio,
2019 1139 2117 1213 quae

427 1253 660 1356 insequitur,
701 1253 821 1330 levior
848 1257 924 1348 e'st,
964 1271 1005 1329 et
1034 1254 1205 1328 laesione
1234 1255 1364 1355 topioa
1396 1255 1436 1326 in
1466 1255 1553 1330 loco
1586 1258 1869 1360 eireumsoripto
1908 1262 2116 1356 haerente,

370 1413 376 1426 '
424 1405 574 1508 saepius
600 1407 659 1481 vix
683 1391 1006 1486 animadvertitur(
1052 1407 1194 1484 Sedet
1218 1391 1437 1506 gravissima
1468 1431 1554 1504 esse
1580 1425 1729 1505 potest,
1761 1412 1797 1486 si
1818 1413 1897 1512 jam
1922 1415 1962 1488 in
1988 1416 2111 1494 stadio
2237 1421 2246 1426 “

420 1557 629 1636 invasionis
653 1562 866 1662 systematis
890 1559 1090 1658 sanguinei
1113 1557 1231 1632 laesio
1256 1557 1365 1633 valde
1391 1558 1541 1632 intensa
1572 1578 1666 1638 erat.
1717 1565 1950 1640 Momentum
1976 1567 2108 1644 oonln·

329 1791 336 1798 ,
418 1711 541 1800 sionis
562 1739 650 1788 oum
672 1711 798 1786 stadio
823 1711 1004 1786 laesionis
1031 1710 1161 1784 intime
1186 1709 1384 1802 oohaeret,
1414 1711 1520 1810 quod
1545 1735 1591 1784 ex
1613 1714 1756 1816 templo
1780 1717 1973 1814 nequitum
1997 1718 2111 1794 aienti
2183 1811 2199 1842 ἢ

416 1862 469 1936 ad
493 1861 688 1940 vulnerum
711 1864 897 1970 margines
922 1864 999 1936 cito
1020 1879 1109 1964 post
1132 1859 1347 1934 laesionem
1367 1859 1541 1934 ooalirsio
1569 1861 1781 1956 induerim,
1808 1889 1906 1962 quae
1930 1891 1954 1940 a
1978 1865 2107 1940 vulne

415 2015 470 2090 ris
495 2016 663 2116 margine
688 2017 728 2087 in
754 2033 880 2118 partes
906 2012 1051 2088 vicinas
1076 2031 1317 2116 propagatur.
1369 2015 1413 2086 In
1438 2035 1576 2112 genere
1610 2013 1787 2106 vulnera,
1824 2040 1923 2115 quae
1953 2017 2010 2090 uti
2043 2017 2109 2092 alii

413 2165 574 2243 influxus
600 2183 731 2268 agunt,
756 2151 891 2240 borum
914 2166 1077 2242 aetionis
1102 2164 1322 2266 exemplum,
1336 2180 1609 2266 esse'poasunt3
1636 2187 1724 2240 nam
1738 2166 1892 2242 affectio
1916 2193 1986 2242 seu
2010 2193 2109 2242 mor·

411 2317 506 2410 bus,
532 2289 612 2419 qui
650 2346 695 2394 ex
727 2318 881 2395 vulnera
901 2318 1048 2410 oritur,
1082 2334 1121 2392 et
1139 2315 1251 2392 ‘illius
1275 2316 1415 2394 solutio
1441 2316 1740 2419 simplioissimae
1762 2318 1997 2420 maximeque
2018 2335 2104 2422 pet·

410 2472 691 2574 spioaaomt.
794 2529 800 2534 -

573 2647 916 2776 Metamorpboses,
944 2699 1042 2773 quae
1075 2673 1115 2748 in
1148 2665 1276 2748 stadio
1307 2671 1544 2748 confusionis
1577 2671 1618 2746 in
1651 2685 1854 2772 systemate
1888 2677 2097 2775 sanguineo

409 2823 653 2926 contingunt,
679 2825 886 2901 seeundum
911 2827 1073 2900 eundem
1090 2843 1219 2927 typum
1246 2795 1483 2919 evolvuntur,
1510 2849 1556 2900 ao
1578 2824 1619 2896 in
1636 2819 1763 2898 stadio
1779 2825 1927 2928 priore,
1956 2845 1994 2902 et
2013 2853 2106 2930 qua·

407 2975 441 3050 si
467 2977 792 3054 continuationem
817 2977 988 3071 illarum,
1015 3003 1111 3076 quae
1137 2977 1177 3049 in
1203 2975 1327 3054 eladio
1354 2975 1561 3050 invasionis
1586 2973 1828 3069 aeciderunt,
1854 2979 2003 3055 sismnt.

293 3203 408 3272 .212.
576 3179 619 3281 b)
644 3183 743 3254 'l'um
765 3197 900 3256 eontra
925 3179 1114 3253 notionem
1139 3176 1296 3252 influxus
1320 3177 1558 3276 heterogeni,
1590 3177 1657 3276 qui
1681 3173 1934 3273 allectionem,
1959 3182 2000 3256 in
2024 3208 2102 3256 am-

404 3328 525 3406 bitum
548 3329 652 3433 plus,
677 3331 801 3406 minus
827 3354 1055 3432 expansam,
1081 3329 1246 3424 induxit,
1272 3329 1417 3408 reactio
1443 3328 1626 3428 insurgit,
1653 3353 1751 3426 quae
1778 3327 2018 3408 affectionem
2040 3361 2117 3436 reg

405 3481 657 3584 stringerent
682 3505 910 3584 componere
937 3495 1107 3557 conatur.
1132 3482 1290 3556 Reaotio
1314 3481 1505 3558 actionem
1531 3495 1725 3580 exaequat,
1751 3497 1789 3601 et
1814 3481 1913 3575 ideo,
1939 3483 2097 3560 influxus

295 3707 298 3710 .
410 3634 562 3710 sotiono
587 3633 776 3710 levissima
799 3658 1043 3738 praegressa,
1068 3633 1128 3708 vir
1162 3631 1471 3707 animadvertitur
1503 3630 1647 3704 reaotio
1659 3682 1671 3721 ,
1705 3655 1828 3730 quae,
1861 3632 2034 3710 laesione
2060 3653 2100 3712 et
2150 3644 2157 3656 '
2199 3639 2202 3646 ’

405 3783 607 3863 affectione
632 3785 850 3884 gravissima
875 3785 1029 3886 elapsa,
1054 3780 1382 3864 vehementissima
1419 3797 1495 3874 est,
1522 3797 1561 3853 et
1584 3779 1794 3857 frustranea
1831 3786 1981 3888 saepius
2019 3785 2099 3862 e'dit

400 3899 603 4012 conamina
637 3939 735 4008 'I'um
758 3960 859 4011 mors
883 3935 1008 4010 intrat
1032 3932 1241 4008 Reaotione
1257 3955 1346 4008 vero
1361 3929 1542 4033 pollente,
1567 3929 1711 4026 turbae,
1737 3959 1835 4034 quaa
1860 3933 2096 4032 affectionem

407 4107 447 4162 et
472 4087 644 4162 morbum
669 4087 923 4178 eonstituunt,
951 4084 1086 4188 eodem
1110 4101 1203 4186 typo
1234 4083 1528 4182 restringuntur,
1560 4107 1606 4158 ao
1641 4083 1937 4184 divulgabantur.
1987 4090 2094 4192 Quae

400 4239 655 4340 peripheriam
679 4211 878 4340 occupant,
900 4237 1033 4312 turbae
1055 4237 1179 4344 primo
1208 4227 1492 4338 componuntur,
1517 4235 1685 4337 reliquae
1701 4236 1927 4336 mitigantur,
1955 4257 1994 4314 et
2017 4241 2109 4316 hoe·

399 4385 516 4465 modo
541 4359 898 4492 metamorphosium
920 4387 1082 4464 ambitus
1106 4387 1231 4462 minor
1255 4387 1454 4490 minorque
1478 4387 1529 4478 fit,
1555 4387 1692 4480 donee,
1718 4387 1757 4460 in
1781 4387 1907 4464 locum
1933 4391 2092 4466 eircum-

398 4541 580 4641 soriptum
602 4539 789 4634 reclusae,
815 4564 862 4616 so
885 4561 1006 4640 nsque
1032 4537 1284 4640 corrigantur,
1309 4557 1353 4616 ut
1374 4537 1556 4614 solutioni
1580 4537 1656 4612 sint
1678 4563 1800 4639 pares.
1843 4539 2090 4630 Affectiooem
2139 4513 2148 4520 .

398 4693 537 4792 igltar,
563 4717 661 4794 quae
684 4717 847 4810 expansa
878 4707 982 4784 erat,
1015 4691 1182 4796 topicam
1210 4690 1337 4784 reddi,
1363 4692 1580 4796 priusquam
1610 4688 1795 4784 solvatur,
1828 4717 1985 4770 necesse
2015 4713 2086 4771 west.

398 4845 563 4924 Affectio
589 4847 718 4924 autin
740 4869 856 4920 unum
879 4861 944 4922 aut
968 4843 1010 4920 in
1033 4843 1141 4948 plura
1165 4843 1253 4922 loaa
1276 4841 1453 4944 restringi
1477 4851 1614 4946 potest.
1677 4845 1823 4950 Lotus,
1850 4845 1889 4918 in
1917 4839 2092 4948 quentin
