4800 6194
1233 643 1240 658 .
1261 584 1308 668 66

437 791 729 872 confundendus
764 815 857 868 ¹non
898 809 966 868 est.
1031 791 1103 866 Hic
1147 789 1277 893 lapsus
1327 787 1521 892 sanguinis
1563 785 1807 862 mechanicus
1848 787 2053 892 praecipue
2093 792 2134 866 in
2198 797 2200 800 ’

437 949 535 1024 vasis
562 947 779 1022 massraicis
803 963 1074 1049 postmortem
1097 944 1178 1020 fere
1199 920 1348 1047 somnes
1366 941 1687 1018 animadvertitur.
1784 989 1788 1000 ·

343 1141 430 1210 2⁵7.
596 1121 639 1192 Β.·
667 1117 883 1218 singulares
902 1135 940 1192 ct
961 1119 1075 1192 miras
1093 1116 1305 1220 systematis
1321 1113 1520 1214 sanguinei
1534 1109 1859 1214 metamorphoses
1879 1110 1919 1185 in
1942 1113 2132 1217 piscibus,

433 1271 501 1371 qui
527 1295 628 1372 aqua
653 1273 805 1366 emersi,
834 1273 910 1347 cito
936 1253 1116 1376 pereunt,
1139 1288 1228 1373 post
1255 1268 1648 1360 mortemobserravi.
1700 1267 1864 1344 Piscium
1885 1271 2130 1348 morientium

345 1491 350 1500 „
427 1402 585 1526 pinnam
611 1419 756 1510 candae
779 1427 849 1502 sub
879 1427 1135 1529 microscopio
1157 1425 1356 1502 collocavi.

594 1581 784 1680 Quamdiu
806 1581 933 1658 cordis
953 1600 1076 1656 motus
1093 1581 1229 1682 viguit,
1256 1582 1296 1656 iu
1308 1581 1439 1685 {pinna
1458 1577 1602 1656 caudae
1622 1575 2028 1656 circulationisturbas
2050 1605 2130 1656 nou

385 1753 395 1760 ·
428 1731 527 1829 ridi3
554 1760 631 1838 quo
652 1763 741 1816 raro
765 1734 947 1832 infracto,
973 1736 1104 1812 turbae
1125 1738 1340 1838 insurgunt,
1367 1763 1462 1840 quaa
1480 1737 1520 1810 in
1539 1734 1745 1838 majoribus
1765 1732 2124 1836 vasisinoipientes,
2165 1709 2169 1714 Ι

424 1885 503 1962 cito
531 1887 580 1962 ad
595 1891 1039 1994 *minoraaepropngantun
1091 1859 1233 1968 Horum
1258 1892 1419 1994 aliquot,
1446 1891 1495 1968 ad
1523 1891 1730 1992 marginem
1749 1885 1891 1990 pinnae
1922 1907 2126 1966 eruamnm

429 2031 581 2136 dissita}
621 2063 813 2121 momento
857 2047 968 2124 citius
1008 2045 1247 2140 dilabuntur,
1297 2065 1336 2122 et
1377 2048 1417 2122 iu
1451 2047 1711 2166 parenchyma
1755 2041 1938 2145 pallidum
1981 2043 2127 2149 dispar·

426 2187 574 2294 guntur.
624 2201 722 2274 Tum
739 2199 881 2295 subito,
907 2181 1032 2280 motus
1050 2169 1322 2306 imefflrlaritatc
1341 2201 1454 2278 etiam
1471 2201 1512 2276 iu
1528 2202 1627 2280 rasis
1642 2197 1850 2304 majoribus
1867 2198 2124 2318 increscente·

356 2422 360 2437 ,
423 2350 558 2426 ιιιίιιιιιι
583 2372 738 2456 paratur
767 2359 1032 2459 spectaculum.
1111 2423 1119 2436 .

333 2531 421 2600 258.
587 2521 692 2598 vasa
713 2524 858 2627 pinnae
886 2544 1020 2602 cuneta
1047 2526 1155 2626 quasi
1178 2527 1259 2606 ictu
1285 2525 1501 2601 dilabuntur
1522 2544 1560 2602 st
1590 2524 1813 2626 sanguinem
1839 2525 1983 2629 ubique
2015 2551 2121 2630 spar-

422 2688 535 2772 guut3
567 2678 723 2778 sanguis
751 2704 862 2774 raro,
904 2683 945 2756 in
970 2683 1264 2786 pareuchymate
1289 2653 1561 2774 extiarasatus,
1593 2707 1674 2757 nou
1703 2681 1865 2780 quiescit
1892 2697 1931 2756 ct
1963 2679 2123 2780 diffluit5

354 2817 358 2842 '
418 2827 510 2924 sed,
532 2855 602 2926 eu,
623 2825 722 2912 nova
739 2851 852 2940 parat
866 2835 1141 2937 phaenomena.
1192 2839 1290 2912 Nam
1307 2836 1469 2938 globuli,
1497 2831 1733 2911 anamalibus
1750 2833 1922 2940 pristinis
1950 2834 2123 2927 chaoticc

420 2980 598 3081 aberrati,
629 3015 732 3066 nunc
753 3008 857 3068 motu
881 2990 1044 3070 obscuro
1070 2993 1110 3064 in
1127 2992 1278 3091 agmina
1295 2993 1439 3065 sensim
1461 2999 1612 3084 coe'unt,
1639 2959 1678 3065 et
1696 2991 1899 3066 interstitia
1921 2987 2122 3086 exhibent3

361 3157 365 3162 ·
419 3159 465 3209 er
495 3136 706 3217 interstitiis
734 3144 813 3218 cito
845 3145 956 3218 rivuli
980 3099 1182 3238 oriuntur,
1224 3145 1309 3246 qni,
1353 3145 1451 3219 inter
1477 3147 1519 3218 s‘s
1551 3145 1822 3240 inosculantas,
1866 3161 2113 3246 receperant

420 3288 569 3369 mirum.
618 3293 745 3370 llirnli
774 3322 963 3396 ramorum
984 3300 1170 3400 majorum
1201 3316 1239 3372 ct
1266 3299 1454 3371 minorum
1479 3259 1621 3376 formas
1647 3299 1829 3392 induunt,
1865 3325 2026 3400 quorum
2053 3297 2118 3372 ulii

422 3443 662 3543 arteriarum,
689 3421 757 3524 alii
772 3463 950 3552 vanuum
970 3453 1203 3530 mentiuntur
1223 3453 1481 3546 directiones,
1507 3469 1545 3527 et
1563 3472 1669 3530 motu
1689 3453 1857 3554 gaudent
1876 3470 1936 3529 sat
1958 3417 2120 3528 aculco.

420 3594 498 3672 Sed
527 3597 590 3674 hic
618 3601 928 3705 pseudocirculus
954 3631 1073 3710 scopo
1109 3624 1213 3683 certo
1243 3624 1348 3707 eget,
1378 3623 1417 3679 et
1438 3577 1555 3680 inter⁸
1578 3633 1622 3724 se
1656 3611 1762 3711 ipsos
1794 3609 2010 3714 promiscuo
2037 3609 2118 3710 glo·

420 3746 500 3822 buli
527 3753 870 3834 circumducuntur.
918 3761 1138 3836 Rirnlorum
1160 3775 1241 3842 reto
1259 3755 1446 3833 canalium
1461 3761 1707 3862 pristinorum
1729 3761 1872 3840 lumina
1891 3790 1972 3840 non
2002 3789 2117 3864 quae·

420 3903 490 3994 rit,
523 3929 596 3980 nac
621 3907 751 4008 implet
759 3937 772 4004 3
805 3911 893 4003 sed,
931 3939 1046 4012 quum
1069 3913 1231 4016 pristina
1257 3937 1346 3991 vasa
1377 3913 1524 4012 majora
1548 3915 1600 3991 ad
1624 3917 1742 3993 latera
1766 3918 1963 3995 radiorum
1991 3931 2120 3992 essent

426 4053 581 4150 dissita,
615 4060 726 4134 rivuli
749 4063 866 4162 magis
890 4089 1019 4174 versus
1042 4065 1208 4140 medium
1233 4067 1398 4169 spatium
1422 4065 1658 4168 colliguntur.

336 4213 420 4301 ²⁵9·
586 4213 711 4290 Motus
728 4241 817 4294 vero
834 4235 874 4293 et
893 4218 1003 4294 rivuli
1025 4219 1272 4322 perlongum
1294 4224 1476 4322 temporis
1498 4225 1661 4326 spatium
1684 4225 1925 4329 intcgrifnon
1946 4243 2120 4320 manent3

318 4347 320 4360 '
422 4361 490 4436 tea
516 4365 576 4438 vu
600 4367 758 4462 amulo,
793 4369 883 4446 sue
909 4371 1016 4450 amc
1042 4375 1119 4474 jam
1150 4375 1284 4465 tom
1310 4375 1546 4470 natantum,
1573 4381 1663 4454 aum
1689 4383 1779 4456 novt
1811 4382 1895 4458 ans
1933 4335 2030 4458 toas
2054 4381 2121 4456 aa

419 4487 494 4589 lunc
526 4538 719 4618 parantur.
780 4523 859 4598 Scd
893 4529 1020 4604 cuncti
1050 4527 1219 4628 deniquo
1255 4527 1490 4624 dilabuutur,
1519 4531 1608 4606 dum
1642 4534 1850 4630 oscillatio,
1875 4537 1915 4612 in
1948 4540 2120 4614 minores

422 4671 597 4774 restricta
621 4672 806 4770 ambitus,
830 4681 973 4778 sensim
1008 4677 1246 4782 extinguitur.
1299 4683 1393 4758 Cum
1428 4703 1533 4761 motu
1567 4687 1709 4788 globuli
1740 4691 1814 4792 ipsi
1846 4693 2017 4784 avolant,
2044 4692 2109 4782 ita,

354 4838 358 4850 “
422 4836 464 4899 ut
495 4813 553 4900 rix
576 4831 746 4931 maculae
777 4829 943 4934 pallidae
968 4837 1060 4912 rctis
1096 4835 1247 4954 pristini
1274 4839 1458 4938 reliquiae
1484 4841 1571 4916 siut
1636 4841 1678 4917 si
1695 4846 1882 4948 piscibus,
1910 4849 1950 4922 iu
1974 4847 2113 4950 quibus
