4848 6194
1168 583 1212 646 55

345 801 416 880 per
442 775 587 874 aliquot
611 791 756 872 tempus
781 768 1068 870 protrahuntur,
1100 791 1221 866 usquo
1257 766 1380 842 donee
1413 787 1536 844 motus
1573 765 1761 842 coctionis
1797 769 1931 861 intret,
1969 769 2035 868 qui

354 951 481 1002 versus
506 941 674 1027 partem,
698 921 822 1022 primo
849 937 1010 1013 tactam,
1038 918 1274 997 affectionem
1299 919 1476 1019 colligere
1502 938 1678 1011 conatus,
1705 937 1822 1019 stases
1839 918 1972 994 rubras
1998 935 2037 994 et

352 1033 653 1176 oirournseriptas
680 1073 733 1146 ibi
752 1073 876 1168 'eeoit3
904 1089 941 1146 et
966 1073 1000 1148 si
1025 1091 1143 1146 stases
1168 1074 1244 1174 jem
1262 1071 1455 1166 affuerint,
1481 1099 1598 1149 novas
1622 1066 1731 1173 paret
1756 1091 1794 1148 et
1809 1071 1924 1148 addit.
1951 1077 2034 1150 Sta·
2093 1041 2097 1048 Ι

348 1229 451 1306 sibus
476 1229 639 1331 peratis,
666 1223 837 1318 affectio,
874 1249 973 1326 quae
999 1225 1038 1298 in
1064 1225 1188 1327 amplo
1211 1186 1362 1300 sitense
1396 1202 1476 1299 erat
1508 1215 1684 1318 eireuitu,
1720 1228 1859 1314 sensim
1890 1226 2032 1322 avolat,

349 1399 544 1482 staresque
569 1378 674 1454 solae
698 1377 853 1453 restant.

258 1557 344 1654 219.
512 1559 555 1634 si
580 1557 697 1660 partis
721 1554 866 1630 fabrice
892 1554 975 1654 igni
998 1553 1123 1630 deleta
1147 1572 1235 1648 est,·
1250 1555 1371 1630 laesio
1396 1555 1447 1628 ad
1472 1554 1626 1631 vulnera
1652 1573 1709 1630 est
1730 1555 1942 1632 referenda.

257 1753 344 1818 220.
509 1733 827 1812 Gelorebumido
853 1733 1451 1825 consummatissimum
1478 1754 1659 1821 mensas.
1693 1759 1766 1810 nee
1790 1749 1895 1810 motu
1929 1736 2030 1810 criti·

329 1914 391 1964 *eo
419 1877 659 1964 effectionem
684 1886 733 1962 ad
755 1903 897 1989 punota
918 1903 1025 1962 serta
1049 1885 1250 1963 collectam
1284 1887 1376 1964 viat
1413 1885 1490 1962 Sed
1523 1903 1726 1988 postquem
1756 1889 2031 1988 metamorpho-

343 2065 403 2116 ses
438 2065 509 2140 per
541 2040 686 2140 aliquot
724 2057 870 2140 tempus
907 2039 1127 2131 durassent,
1167 2037 1293 2114 subito
1329 2037 1550 2130 avolabant,
1586 2056 1625 2112 et
1656 2040 1827 2140 sanguis,
1864 2038 2047 2114 indolem*

344 2215 482 2266 exuens
508 2185 739 2276 morbosam,
765 2189 972 2266 normalem
996 2191 1129 2264 iterum
1153 2189 1423 2291 recuperabat,
1457 2209 1657 2290 motusque
1690 2181 1868 2266 adauctus
1893 2189 2032 2264 relexa-

342 2343 463 2418 batur.
492 2343 609 2418 Grisis
633 2370 702 2443 per
728 2357 904 2416 mutatam
929 2344 1046 2442 partis
1073 2341 1315 2442 ‘functiopem
1348 2341 1492 2454 absolvi
1523 2339 1732 2418 ridebatur.
1760 2343 2030 2444 Depositiones

343 2497 577 2594 contingunt,
604 2495 693 2568 dum
717 2463 818 2585 bine,
844 2493 950 2568 illiue
975 2491 1120 2568 insulse
1144 2477 1343 2593 sangoinis
1362 2477 1593 2569 emittantur.
1643 2493 1912 2593 Depositiones
1938 2519 2029 2570 vero

341 2671 515 2739 serosee,
542 2672 639 2746 quae
665 2645 856 2720 fortassim
880 2643 1115 2746 frequentius
1142 2645 1409 2740 effunduntur,
1445 2647 1621 2748 conspici
1656 2663 1735 2720 non
1761 2663 1935 2747 possunt.
1986 2649 2031 2719 ln

338 2799 492 2874 bomine
517 2797 656 2872 caloris
679 2796 823 2869 humidi
846 2822 954 2870 usum
980 2797 1096 2870 sudor
1115 2797 1243 2895 largus
1267 2799 1460 2896 sequitur,
1487 2815 1530 2870 et
1546 2816 1674 2898 partes
1698 2798 1807 2873 valde
1833 2798 2030 2872 emolliun-

334 2969 405 3026 tur.
456 2951 577 3032 Hunc„
596 2945 772 3023 sudorem
810 2947 1053 3063 depositione
1073 2945 1155 3020 ¹tali
1174 2917 1320 3030 ¹serosn
1360 2947 1441 3022 fleri
1482 2947 1618 3039 eredo,
1658 2948 1779 3048 qualis
1825 2949 2027 3024 insularum

338 3101 528 3200 depositio
554 3100 594 3172 in
619 3097 843 3172 animalibus
868 3074 1112 3216 inferioribus
1137 3089 1222 3174 est.¹
1244 3099 1368 3174 Sudor
1394 3059 1420 3174 a
1437 3093 1539 3174 'vasis
1567 3098 1680 3202 ipsis,
1704 3103 1896 3202 sanguinis
1920 3120 2026 3178 motu

207 3313 213 3320 .
333 3249 498 3326 adaucto
526 3268 563 3325 et
590 3251 752 3352 globulis
779 3251 870 3354 ipsis
896 3250 1218 3350 turgescentibus,
1245 3241 1416 3354 pulsibus
1445 3237 1600 3328 eniissus
1636 3273 1674 3328 et
1703 3273 1908 3357 proruptus
1944 3277 2028 3330 esse

334 3404 509 3482 ridetur.·
546 3407 663 3507 Quasi
688 3404 840 3480 criticus
868 3421 944 3497 est,
968 3429 1058 3476 nem
1083 3401 1279 3502 deposito,
1305 3423 1428 3480 motus
1461 3405 1642 3482 adauctus
1670 3424 1707 3482 et
1743 3405 1900 3508 globuli,
1926 3433 2024 3483 mor·

332 3550 427 3630 bose
452 3557 603 3648 mutati,
631 3574 918 3660 componuntur.
945 3562 951 3573 '
1004 3563 1074 3576 ’

1003 3945 1347 4074 Frigus

242 4163 328 4226 221.
496 4145 638 4238 Motus,
664 4142 852 4244 abigere
878 4145 1040 4220 toton
1061 4147 1167 4222 sieoo
1186 4151 1450 4243 ,accolonos
1477 4151 1618 4228 sensim
1643 4150 1824 4228 solsitun
1862 4149 2017 4250 Frigore

329 4295 800 4397 aliquantulnm'g'rariore
823 4320 1065 4398 praegresso,
1093 4297 1144 4374 ael
1165 4299 1312 4403 parbem
1319 4305 1479 4404 ,uprimo
1501 4321 1652 4397 tactam,
1678 4321 1801 4381 etates
1819 4302 1961 4380 mbnae'
1976 4325 2016 4383 et

327 4447 633 4550 ciroumtetiptte
657 4445 904 4549 eolligauttrr,
928 4450 1141 4527 souuerse
1167 4453 1259 4550 illis,
1279 4481 1378 4556 quae
1399 4455 1479 4555 jarn-
1499 4457 1647 4551 absent,
1678 4457 1886 4540 addonem.
1926 4458 2012 4536 flul
2126 4555 2129 4568 ἡ

325 4603 429 4678 sibus
455 4603 616 4704 peratis,
639 4601 787 4702 reliqua
811 4603 1036 4704 extinguitur
1059 4602 1222 4687 allectio.
1280 4613 1401 4703 Partis
1424 4611 1570 4688 lubrice
1592 4611 1748 4688 uberius
1772 4610 1897 4705 hese,
1922 4635 2009 4714 sapt

325 4755 534 4855 putationis
557 4719 821 4856 phaenomena
845 4755 1065 4834 evolvuntur
1089 4775 1128 4864 et
1151 4757 1295 4856 laesio,
1329 4765 1440 4840 sicuti
1465 4765 1597 4842 vulnus
1622 4790 1664 4842 se
1688 4763 1815 4842 habet.

1073 4941 1270 4962 ..n-...-
