4800 6194
1156 623 1200 692 ts
1299 567 1306 574 ·

253 835 311 902 ⁵8·
486 793 757 891 Parti'cnlarnm
774 831 899 892 motus
914 816 958 887 in
980 812 1057 888 boc
1083 807 1312 890 evolationis
1355 809 1481 890 stadio
1514 809 1789 914 inmittitur,
1830 813 1867 890 si
1890 811 2023 892 turbae

248 1001 254 1010 ·
327 969 435 1046 strati
460 967 605 1043 externi
618 965 781 1044 leviores
804 967 977 1069 placatae
1000 968 1078 1066 jam
1104 966 1153 1042 ad
1176 963 1385 1068 marginem
1412 979 1502 1040 sunt
1523 965 1731 1044 restrictae.

252 1165 325 1246 ⁵9·
491 1175 593 1249 Malo
641 1199 733 1248 rero
771 1175 957 1276 gratiori,
1008 1198 1123 1273 quum
1174 1169 1343 1246 maculae
1389 1172 1576 1264 minores,
1632 1171 1757 1250 minus
1800 1175 1942 1250 tinctae
1983 1193 2023 1250 ct

325 1329 633 1429 circumscriptae
656 1345 755 1419 sunt,
786 1327 1006 1430 suppuratio
1032 1325 1188 1400 ulterius
1212 1325 1464 1427 progreditur.
1512 1325 1631 1400 'Nam
1667 1323 1791 1419 flocci,
1828 1329 1912 1402 sine
1936 1327 2022 1428 lege
2121 1361 2126 1379 ·

324 1483 540 1582 migrantes,
563 1481 666 1555 circa
686 1480 891 1580 particulas
917 1498 1040 1555 certas
1064 1481 1183 1582 magis
1208 1477 1429 1578 magisquae
1454 1476 1692 1578 colliguntur,
1717 1479 1768 1554 ad
1791 1505 1887 1579 quas
1913 1479 2021 1556 deni·

325 1659 402 1734 que
426 1633 535 1726 fixae,
561 1633 602 1706 in
627 1632 833 1734 glomerem
845 1633 1078 1734 rediguntur.
1104 1631 1235 1708 Flocci
1261 1649 1301 1706 et
1323 1631 1544 1734 particulae,
1569 1631 1610 1704 in
1628 1631 1833 1732 glomerem
1858 1631 2020 1722 evoluta,

263 1789 278 1813 ⁸
324 1813 403 1862 uon
430 1787 590 1890 amplius
614 1805 821 1888 vagantem,
844 1786 917 1863 aed
943 1785 1149 1884 conjuncta
1172 1783 1310 1860 linibus
1334 1809 1378 1859 se
1401 1786 1557 1884 cingere
1571 1802 1758 1860 conantur
1782 1785 2019 1880 certioribus,

324 1943 425 2014 intra
450 1967 549 2042 quos
568 1942 768 2018 ulteriores
795 1939 971 2015 evolvant
991 1938 1330 2044 metamorphoses.
1380 1937 1521 2028 Floeci,
1546 1937 1587 2010 in
1621 1937 1826 2038 glomerem
1855 1939 2020 2032 collecti,

231 2135 236 2142 ·
323 2093 469 2170 l'orrnae
492 2114 534 2169 et
567 2094 710 2170 coloris
733 2109 874 2170 exuunt
897 2092 1186 2194 inaequalitates
1223 2110 1263 2167 et
1288 2091 1496 2194 aequalem,
1529 2091 1596 2166 sed
1633 2089 1814 2192 pallidam
1852 2117 1946 2193 prae
1976 2118 2019 2167 se

320 2247 450 2322 ferunt
471 2245 617 2322 faciem.

258 2471 320 2552 00,
490 2461 533 2574 Iu
560 2457 726 2558 glomere
767 2457 937 2560 aequali,
975 2459 1042 2560 qui
1076 2455 1317 2534 interstitium
1342 2456 1473 2532 vocari
1511 2473 1661 2560 potest,
1698 2477 1823 2536 motus
1859 2461 2019 2560 insurgit

315 2611 519 2712 proprius,
544 2635 709 2710 quocum
734 2612 959 2714 corpuscula
983 2614 1024 2685 in
1051 2611 1255 2686 interstitio
1287 2627 1503 2688 umeuumr.
1571 2610 1806 2713 corpuscula
1828 2639 1932 2706 rero,
1958 2615 2016 2688 uti

315 2781 459 2854 motus,
487 2764 709 2865 imperfecta
730 2781 767 2836 et
785 2764 945 2839 evanida
973 2783 1076 2840 suut.
1126 2767 1252 2839 Motus
1277 2764 1381 2838 nulla
1406 2763 1576 2864 gaudens
1600 2766 1697 2866 lege,
1730 2766 1821 2842 hine
1846 2771 2015 2870 emergit,

315 2908 423 2988 illinc
446 2916 590 3015 vergit,
616 2933 656 2988 et
680 2913 834 2988 tandem
859 2916 994 2989 iterum
1029 2917 1279 3015 extinguitur,
1315 2934 1358 2990 ut
1390 2916 1467 2991 alio
1492 2916 1580 2990 loco
1607 2917 1734 2994 denuo
1770 2939 1937 3019 emergat
1975 2941 2014 2996 et

317 3085 530 3142 mearat.
568 3069 618 3140 Et
641 3067 785 3167 pariter
808 3069 1036 3170 corpuscula
1060 3068 1177 3144 modo
1204 3085 1409 3170 emergunt,
1436 3067 1553 3144 modo
1579 3068 1768 3166 diffluunt,
1793 3090 1836 3149 ut
1852 3053 2014 3193 eundem

315 3223 393 3296 alio
414 3221 504 3296 loco
528 3218 726 3294 absolvant
749 3247 980 3323 processum.

240 3447 302 3526 οι,
426 3441 430 3450 “
476 3427 683 3503 interstitia
704 3426 877 3502 conferta
902 3452 987 3501 esse
1012 3427 1155 3518 solent,
1191 3428 1352 3502 ambitus
1379 3447 1467 3503 sunt
1494 3429 1742 3524 subrutuudi,
1769 3451 1808 3508 et
1832 3437 2011 3537 margini·

314 3583 386 3657 bus
409 3581 562 3658 incertis
586 3579 780 3670 instructa,
807 3581 871 3672 ita,
888 3597 931 3654 ut
954 3603 1070 3682 saepe
1095 3579 1195 3654 inter
1208 3604 1251 3654 se
1276 3580 1492 3678 confluant3
1515 3607 1629 3684 quam
1652 3587 1835 3664 materiae
1863 3590 2009 3666 vicisti·

311 3739 484 3814 ordinem
506 3735 614 3811 more
638 3732 843 3811 floccorum
868 3734 920 3810 eo'
932 3733 1081 3810 facilius
1113 3751 1267 3836 geumt,
1300 3759 1378 3834 qno
1412 3754 1502 3811 aaut
1544 3736 1838 3839 imperfectiora.
1907 3741 2008 3818 sunt

312 3911 446 3967 autem.
463 3887 665 4024 interstitia
689 3889 730 3961 in
755 3885 890 3962 eadem
911 3887 1109 3992 superficie
1130 3914 1211 3963 nou
1237 3887 1374 3966 eodem
1395 3889 1525 4003 omnia
1548 3891 1696 3968 exculta
1717 3893 1847 3996 gradu.

238 4089 304 4165 62·
474 4101 576 4171 luter
619 4095 721 4171 banc
761 4094 1044 4198 suppurationis
1082 4093 1337 4170 evolutionem
1361 4099 1468 4171 strati
1507 4101 1652 4174 externi
1678 4104 2001 4206 metamor-pheses

309 4253 454 4357 placari
478 4264 639 4352 possunt
662 4265 701 4322 et
723 4264 815 4324 tuuc
838 4247 993 4324 ulterius
1010 4250 1229 4352 suppuratio
1261 4276 1342 4328 uon
1365 4249 1620 4354 progreditur.
1659 4253 1883 4357 Plerumque
1908 4282 2001 4336 vero

309 4405 478 4510 singula,
501 4427 600 4504 qnae
616 4399 865 4504 inecqmliter
886 4403 1127 4498 excolantur,
1159 4403 1362 4482 interstitia
1382 4405 1462 4506 jam
1486 4405 1641 4484 ulterius
1656 4427 1745 4484 snut
1786 4410 1946 4489 evoluta.
2004 4389 2010 4400 ⁸

239 4654 297 4734 93.
471 4639 600 4714 biems
625 4639 667 4713 in
692 4636 905 4714 interstitiis
922 4637 1078 4714 liberius
1108 4639 1287 4732 increvit,
1329 4657 1478 4716 etcum
1502 4658 1608 4716 motu
1650 4644 1877 4746 corpuscula
1910 4665 2000 4722 sunt

309 4789 469 4868 mcults.
525 4793 653 4870 bintus
697 4782 923 4896 corpuscula
959 4817 1090 4868 sersus
1114 4793 1365 4870 directionem
1398 4795 1727 4874 certiorem'nnnc
1748 4797 1904 4902 colligit,
1930 4799 1995 4892 itt,
2113 4802 2120 4807 ”

309 4959 352 5014 ιιι
375 4943 426 5018 ud
449 4943 526 5022 duo
548 4943 770 5026 mandatur
792 4963 935 5050 puncta
959 4947 1211 5042 interstitium,
1238 4966 1280 5024 et
1302 4948 1414 5024 riruli
1438 4949 1805 5052 sequentiarum.
1854 4951 1992 5050 libuli,
