4838 6192
1165 648 1168 656 Α
1242 547 1310 628 ato
1440 559 1444 564 ·
1576 563 1581 571 ·

347 759 357 786 ’
424 765 485 842 ut,
523 764 644 828 motus
671 756 867 828 directione
902 761 1070 848 excepta,
1104 754 1163 824 vix
1195 751 1367 848 distingui
1392 755 1543 847 possint3
1584 763 1741 832 attamen
1767 769 1918 838 arteriae
1944 772 2039 840 inter
2063 741 2121 844 uei

424 931 492 988 aas
523 917 645 982 motus
679 908 886 992 velocitate,
925 914 962 978 et
995 929 1106 1008 venae
1140 909 1233 978 inter
1267 911 1415 980 arterias
1442 871 1595 981 numero
1622 873 1663 982 ¹ot
1689 915 1828 988 ambitu
1854 916 2117 1015 aliquantulum

426 1065 583 1134 eminere
608 1061 739 1132 solent.
787 1059 1015 1176 *Arteriarum
1041 1065 1150 1146 remi,
1195 1060 1240 1130 ad
1280 1067 1487 1158 marginem
1530 1061 1754 1138 terminalem
1790 1093 1907 1166 usque
1932 1077 2117 1168 progressi,
2163 1151 2175 1166 ⁸

424 1221 556 1310 partim
583 1214 705 1286 subito
731 1217 770 1284 in
797 1235 904 1286 renas
935 1223 1183 1298 revertuntur,
1211 1218 1343 1307 partim
1369 1217 1407 1284 in
1430 1225 1504 1285 rete
1531 1218 1700 1310 capillare
1725 1218 1880 1308 abeunt,
1903 1208 2015 1320 'quod
2043 1231 2116 1300 exi·

424 1391 535 1464 guum
573 1376 637 1439 ost.
696 1368 825 1436 Omnia
870 1389 951 1437 resa
992 1364 1227 1440 directionem
1252 1375 1386 1437 rectam
1414 1377 1535 1438 amant
1565 1379 1600 1439 et
1625 1394 1754 1464 porum
1781 1373 1991 1462 flectuntnr5
2027 1377 2114 1454 flexa

421 1545 517 1605 varo,
545 1521 698 1595 sinubus
723 1521 881 1616 gaudent
907 1519 1054 1602 obtusis,
1081 1541 1150 1590 nec
1175 1543 1249 1592 non
1274 1520 1367 1592 rami
1393 1543 1411 1590 a
1435 1528 1571 1594 truncis
1597 1523 1666 1596 snb
1692 1529 1832 1621 angulis
1859 1534 2008 1602 minima
2034 1557 2113 1604 acu·

421 1673 467 1747 tis
494 1679 721 1746 emittuntur.
772 1673 967 1772 Sanguinis
992 1695 1056 1766 per
1083 1695 1165 1743 rasa
1190 1682 1310 1744 motus
1336 1675 1532 1746 satiamus
1558 1684 1630 1760 est,‘
1655 1699 1763 1772 quern
1789 1682 1828 1750 in
1855 1684 2113 1757 nullatanima·

420 1827 511 1898 lium
537 1827 647 1899 classe
671 1827 861 1898 lentiorem
888 1783 1017 1896 inveni.
1069 1824 1331 1920 Parenchyma,
1368 1828 1468 1921 quod
1501 1831 1696 1922 praecipue
1722 1835 1760 1900 in
1785 1797 1988 1926 junioribus
2014 1839 2112 1932 pilci-

419 1979 513 2052 cnlis
540 1987 595 2052 sat
618 1980 838 2072 pellucidum
856 1987 921 2064 est,
941 1983 1115 2074 pigmenti
1139 1982 1235 2074 nigri
1260 1982 1411 2050 maculis
1435 1987 1557 2065 scatet,
1573 2003 1672 2075 quos,
1699 1985 1884 2076 aspectum
1911 1988 2111 2076 turbantes,

416 2137 456 2206 in
483 2087 600 2232 figura
629 2138 743 2204 amisi.
1531 2119 1535 2125 ¹
1804 2077 1809 2090 ·

283 2271 364 2371 rig.
379 2286 414 2352 2·
581 2287 701 2359 Venae
725 2282 955 2357 membranae
981 2285 1179 2356 natatoriae
1204 2303 1314 2353 renea
1339 2303 1442 2376 pars,
1468 2286 1508 2355 in
1535 2307 1607 2380 qua
1632 2288 1831 2360 secundum
1856 2292 1928 2364 teli·
1947 2301 2107 2389 appositi
2144 2341 2150 2346 -

406 2433 655 2514 'directionem
683 2443 830 2536 sanguis
858 2399 1041 2509 decurras
1094 2419 1096 2426 Α

281 2608 360 2704 Fjg,
380 2613 414 2676 5.
581 2591 680 2662 Vena
707 2590 832 2664 eadem
869 2594 907 2660 in
944 2589 1065 2660 medio
1108 2591 1236 2660 recisa.
1286 2589 1412 2695 Quum
1445 2593 1592 2686 sanguis
1627 2589 1765 2684 ubique
1799 2615 1925 2667 versus
1950 2601 2109 2675 vulneris

247 2763 249 2768 '
417 2748 551 2817 ostium
577 2705 802 2827 effluitstit,
828 2751 876 2833 nt,
894 2746 1026 2826 trunci,
1054 2746 1119 2837 qui
1143 2743 1245 2812 cordi
1271 2751 1328 2814 est
1353 2745 1506 2836 propior
1532 2737 1611 2836 (a),
1639 2747 1847 2841 superioris]
1867 2749 1962 2818 unda
1989 2755 2106 2824 inver-

415 2873 518 2970 tatur
543 2905 583 2990 οξ
615 2897 779 2991 sanguis,
803 2919 890 2991 -qua
926 2895 1008 2967 dato
1048 2910 1176 2990 porta,
1214 2899 1457 2996 prorumpat„
1490 2895 1523 2964 E
1560 2871 1679 2966 trunci
1715 2905 1818 2990 parte
1849 2897 2019 2973 inferiore
2045 2903 2107 3000 (b)

415 3059 451 3121 et
500 3072 545 3120 ex
592 3052 700 3117 ramis
751 3049 888 3119 cunctis
933 3054 1099 3141 sangnis,
1157 3056 1201 3150 ut
1241 3047 1429 3141 prosiliat,
1478 3035 1717 3118 dimotionem
1758 3046 1902 3121 solitam
1933 3045 2105 3139 invertat,

414 3225 507 3300 opus
533 3225 608 3274 uon
636 3211 701 3272 est.
751 3199 867 3269 Simul
908 3221 1077 3272 rasorum
1114 3203 1267 3294 parietes
1310 3199 1355 3270 ad
1395 3201 1500 3270 ostia
1528 3193 1686 3270 vulneris
1721 3203 1955 3294 retrahuntur
1985 3218 2021 3280 et
2046 3207 2106 3283 ali·

313 3365 316 3372 ‘
415 3354 630 3451 mantulum
656 3353 932 3432 contrahuntur.
970 3441 974 3458 ι
1565 3339 1569 3350 ’
1737 3296 1742 3307 ·

186 3549 188 3556 ·
279 3519 355 3606 Fig,
374 3524 407 3586 4.
466 3581 468 3590 ,
540 3575 543 3582 ,
585 3506 856 3580 Haemorrhoea
890 3505 1089 3598 composite
1115 3511 1190 3597 est3
1229 3483 1320 3575 narn¹
1348 3502 1480 3575 eodem
1503 3505 1636 3600 gradu,
1671 3517 1714 3578 ac
1738 3507 1879 3606 globuli
1904 3515 2037 3599 sensim
2063 3520 2102 3588 in

414 3685 531 3733 ramos
558 3661 837 3731 anastomoticos
863 3655 921 3752 (c)
946 3660 1171 3740 derivantur,
1196 3679 1227 3767 ¹a
1252 3656 1410 3728 vulneris
1435 3656 1529 3730 ostio
1555 3666 1732 3731 arcentur.
1791 3662 2040 3740 Anastomosis
2062 3671 2099 3740 in
2175 3647 2180 3654 ¹

14 3837 16 3848 ·
151 3885 155 3898 ,
269 3871 274 3881 ,
384 3819 513 3886 ·s·cnis
545 3815 602 3884 hie
635 3809 803 3882 facillimo
836 3771 1070 3903 impetratum
1099 3831 1169 3903 qua
1196 3807 1310 3892 lacta,
1344 3831 1428 3902 pars
1453 3812 1571 3880 trunci
1598 3805 1672 3908 (d),
1707 3829 1799 3904 quae
1823 3811 1916 3878 inter
1941 3809 2103 3882 vulneris

401 3975 545 4042 ¹ostium
570 3974 607 4037 et
626 3987 769 4036 ramum
784 3968 991 4056 proximum
1004 3957 1305 4032 anastomotionm
1326 3956 1431 4057 jacet,
1448 3985 1467 4033 a
1487 3945 1663 4060 sanguine
1682 3961 1880 4052 circulante
1896 3972 2100 4049 evacuatum

410 4129 579 4219 attamem
604 4123 822 4215 a'aangnine
848 4125 1037 4228 stagnante
1071 4116 1189 4186 adhuc
1215 4121 1431 4210 occupatur,
1466 4119 1531 4212 qui
1563 4116 1646 4186 laco
1678 4093 1841 4184 thrombi
1872 4117 2005 4187 interni
2031 4125 2093 4188 est.

408 4271 618 4346 Thrombus
642 4279 810 4342 externus
835 4267 1148 4360 lloc'cosnsadest.
1169 4267 1310 4339 Mirum
1326 4276 1389 4352 est,
1417 4233 1528 4340 ctiam
1550 4267 1707 4338 oliorum
1727 4265 2098 4343 directionemramo·
2162 4337 2200 4392 9

407 4449 551 4509 rum,ac
567 4445 706 4509 eornm,
718 4428 783 4518 qni
799 4424 937 4492 vulneri
956 4423 1119 4516 proximi
1134 4428 1228 4506 sunt,
1244 4419 1411 4492 facillime
1431 4423 1569 4504 inverti,
1587 4425 1643 4491 nti
1663 4419 1735 4492 tela
1750 4426 1916 4518 apposita
1933 4423 2094 4496 edocent
2141 4411 2148 4430 ⁸

267 4611 344 4706 pig,
367 4586 444 4674 5‚'
571 4581 658 4650 Pars
683 4581 834 4646 arteriae
859 4579 1075 4647 mesaraicao
1099 4575 1222 4652 raneos
1335 4635 1338 4642 .

274 4767 349 4860 ffig·
371 4761 406 4838 ὁ,
437 4749 442 4756 ·
586 4731 746 4805 Arteriae
772 4699 946 4825 ejusdem,
964 4731 1000 4801 in
1028 4727 1148 4798 medio
1172 4732 1318 4814 recisae,
1342 4726 1447 4800 binae
1471 4725 1590 4800 subito
1617 4727 1851 4800 retrahuntur
1875 4731 1994 4802 munci
2019 4751 2097 4823 par·

412 4897 484 4973 tes,
523 4893 559 4959 et
584 4887 751 4984 sanguis,
789 4883 927 4980 ubique
946 4877 1129 4971 effluens,
1170 4883 1337 4956 etrunci
1374 4879 1681 4978 parte·inserioro
1719 4879 1833 4976 (qnae
1858 4903 1879 4954 a
1905 4883 2015 4956 corde
2041 4892 2096 4956 est
