4838 6192
1186 526 1236 604 ⁷9

357 691 578 826 coeperint,
605 710 858 812 inaequaliter
883 712 933 790 ab
955 715 1059 790 tmda
1075 715 1283 816 sanguinis,
1308 713 1411 791 haud
1432 713 1640 800 imminute.
1666 705 1925 790 brudeum.
1976 701 2063 790 Ηῦὸ
2168 775 2177 794 .

358 865 496 942 turbae
515 867 690 940 instares
705 863 857 944 abeunt.
911 871 1041 944 Stasea
1057 897 1079 943 a
1094 870 1191 947 locis
1207 869 1501 970 circumscriptis
1515 867 1732 969 profectae,
1757 871 1798 942 in
1814 868 1944 972 plures
1963 895 2060 946 sem-

359 1045 431 1122 per
463 1019 725 1122 expanduntur
752 1023 930 1116 canales,
954 1023 1061 1098 etad
1079 1049 1170 1098 vasa
1190 1023 1337 1125 majora
1363 1025 1478 1098 etiam
1497 1023 1802 1124 progredimur,
1846 1023 2061 1123 sanguini,
2131 1069 2136 1076 .

360 1175 571 1274 stagnantis
601 1199 692 1276 pars
720 1173 873 1249 canales
903 1177 957 1250 ita
984 1179 1172 1270 extendit,
1197 1195 1240 1252 ut
1267 1177 1438 1277 singulae
1466 1193 1607 1269 stases,
1632 1175 1886 1268 conduentes,
1913 1175 2060 1252 insulas
2190 1267 2197 1284 1

363 1327 575 1426 exhibeant.
634 1331 727 1424 Pars
747 1353 844 1409 rero.
860 1331 1056 1432 sanguinis
1073 1333 1240 1425 minima,
1268 1330 1465 1406 canalibus
1489 1329 1694 1418 dissolutis,
1717 1328 1957 1430 dispergitur.
2009 1331 2062 1402 At

362 1505 446 1580 quo
459 1479 583 1582 major
601 1505 827 1584 praegressa
844 1483 960 1560 fuerit
979 1483 1143 1578 allectio,
1167 1511 1214 1560 eo
1235 1482 1408 1587 pluribus
1430 1483 1527 1558 loeis
1548 1499 1589 1556 et
1613 1482 1750 1558 latiore
1767 1483 1928 1558 circuitu
1949 1506 2059 1557 vaso·

307 1691 315 1708 .
359 1659 444 1708 rum
460 1632 608 1708 fabrica
628 1633 754 1710 deleta
774 1637 980 1738 etsanguis
1001 1637 1041 1712 in
1060 1593 1317 1740 parenchyma
1335 1639 1528 1739 dispersus
1549 1655 1620 1718 est.
1675 1636 1848 1712 Arteriae
1866 1651 2048 1736 strenae

361 1789 528 1888 majores
550 1789 734 1887 sanguine
751 1805 952 1890 stagnante
972 1791 1116 1892 pariter
1140 1789 1325 1866 mfarcae
1349 1809 1450 1868 sunt.
1874 1767 1878 1774 ι

269 1963 358 2031 111.
506 1959 713 2032 -varomm
741 1958 890 2058 hepatis
915 1961 1240 2061 metamorphoses
1270 1987 1319 2035 eo
1344 1978 1433 2036 sunt
1461 1960 1631 2060 insignes
1642 2013 1655 2053 ,
1679 1975 1724 2034 ut
1748 1957 2055 2056 motus-sangui·

359 2111 422 2189 nis
456 2110 699 2213 rapiditatem
726 2111 898 2184 eximiam
931 2137 1124 2212 nunquam
1150 2111 1338 2212 adtingat,
1369 2111 1440 2186 sed
1464 2113 1541 2186 cito
1567 2109 1780 2184 retardetur
1812 2127 1851 2184 et
1875 2111 1914 2183 in
1941 2127 2063 2184 stares

353 2265 493 2359 ¹abeat,
526 2290 551 2341 a
574 2263 712 2364 quihus
738 2263 845 2364 ipsae
873 2266 1036 2340 arteriae
1058 2265 1323 2364 corripiantur.
1373 2269 1470 2338 Tum
1497 2265 1611 2338 etiam
1638 2289 1813 2340 vasorum
1841 2263 1990 2339 fabrica
2016 2264 2060 2338 in

359 2426 498 2525 hepate
521 2417 680 2494 nonnisi
709 2443 733 2491 a
762 2417 899 2494 morbo
929 2436 969 2492 et
993 2419 1138 2530 sparsis
1162 2418 1401 2494 solummodo
1429 2416 1526 2496 locis
1565 2383 1795 2494 dissolvitur.
1845 2422 1889 2492 In
1920 2440 2062 2518 genere

355 2573 720 2674 metamorphosim
741 2571 875 2649 turbae
898 2573 938 2644 in
962 2572 1126 2674 hepate,
1149 2574 1207 2666 uti
1232 2573 1273 2645 in
1295 2572 1429 2672 quovis
1448 2597 1614 2672 organo,
1637 2599 1720 2646 non
1746 2573 1786 2644 in
1810 2587 1894 2646 toto
1916 2594 2062 2671 organo

357 2729 488 2822 11111111,
511 2726 581 2804 sed
599 2727 740 2828 sparsis
762 2725 914 2825 punctis
934 2742 1059 2800 ortum
1076 2726 1239 2832 ducunt,
1265 2750 1289 2796 a
1307 2722 1446 2824 quibus
1465 2724 1737 2824 expanduntur.

527 2909 563 2974 4.
606 2891 993 2976 Observationes
1033 2893 1084 2968 in
1123 2893 1421 2970 mesenterio
1465 2890 1829 2983 cuniculorum,
1877 2919 2062 2968 murum

357 3047 744 3135 domesticorum
770 3063 818 3120 et
841 3062 1071 3120 ratarum.

270 3207 355 3274 ³¹3·
520 3215 750 3294 Animalium
772 3215 972 3314 ligatorum
995 3215 1127 3315 aperui
1150 3209 1363 3304 abdomen,
1396 3229 1434 3286 et
1451 3210 1534 3286 tubi
1551 3212 1778 3288 intestinalis
1796 3231 1944 3315 partem
1978 3239 2066 3290 cure

363 3369 595 3451 mesenterio
627 3367 858 3442 adhaerente
884 3366 1065 3468 protraxi.
1121 3368 1210 3438 Non
1245 3392 1377 3440 omnes
1408 3366 1555 3440 bestiae
1580 3368 1724 3466 pariter
1752 3367 1957 3467 quadrant,
1992 3365 2064 3441 sed

360 3525 507 3604 cunetis
532 3519 698 3597 cuniculi
722 3519 893 3619 juniores
920 3534 1009 3591 sunt
1028 3513 1290 3618 praeferendi,
1327 3518 1395 3618 qui
1417 3519 1571 3594 minore·
1589 3517 1675 3596 sebi
1697 3520 1909 3620 quautiute
1938 3520 2063 3596 adbuc

359 3677 537 3781 gaudent.

267 3841 353 3908 314.
517 3826 702 3904 Intestina
708 3881 722 3918 ,
748 3823 911 3900 inimico
930 3823 1010 3898 aeri
1035 3823 1226 3924 exposita,
1251 3824 1420 3925 insignes
1447 3825 1525 3902 cito
1550 3827 1778 3904 renuebant
1802 3824 2049 3922 aliecdones,

358 4009 458 4085 qnae
481 4008 560 4058 uno
585 3981 734 4062 aamite
753 3979 804 4056 ad
826 3996 989 4053 mortem
1008 4000 1131 4077 usque
1151 3974 1395 4056 devehuntur.
1435 3981 1517 4054 Nec
1537 3992 1588 4056 aa
1609 3979 1681 4056 sub
1702 3979 1942 4056 &meinimis
1970 3982 2054 4082 qui·

360 4138 449 4214 dem
483 4134 751 4238 applicationis
787 4131 992 4236 auspiciis,
1027 4129 1209 4208 normalis
1241 4157 1417 4206 vasorum
1457 4149 1576 4208 status
1612 4133 1771 4208 retineri
1800 4150 1952 4236 potest,
1985 4133 2058 4210 sed

358 4313 509 4392 semper
531 4288 695 4388 majores
716 4311 786 4362 scu
808 4285 976 4362 minores
994 4284 1321 4387 metamorphoses
1342 4311 1430 4361 mor
1451 4285 1661 4387 insurgunt.

270 4449 359 4518 515.
524 4455 849 4557 Metamorphoses
863 4453 1128 4557 superomnia,
1155 4471 1439 4556 qnaeprotacta
1447 4473 1546 4547 sunt,
1579 4452 2057 4557 viscerisvasaexpmtlun·

356 4632 429 4691 tur.
480 4613 598 4690 sunta
624 4635 718 4688 rasa
739 4607 959 4686 mesenterii
981 4607 1235 4710 propria,.sat
1255 4607 1441 4700 conferta,
1467 4631 1557 4685 resa
1578 4608 1804 4699 meserdca,
1828 4633 1927 4708 quae
1954 4606 2059 4683 sebo

361 4783 451 4844 sunt
469 4766 619 4859 11111111,
638 4791 712 4844 nec
732 4761 994 4869 pelluciditate
1018 4761 1231 4840 sufficiente
1253 4763 1441 4864 gaudent,
1464 4779 1503 4836 et
1527 4787 1619 4838 vara
1645 4761 1729 4838 tuhi
1753 4759 1983 4838 intestinalie
1999 4759 2062 4864 ip·
