4800 6194
1148 619 1260 684 35.

324 818 447 894 fluxus
471 814 627 920 pendet.
677 815 863 890 haesione
897 827 983 889 aeta
995 867 1007 905 ‚
1043 827 1176 887 eontra
1190 841 1198 850 ·
1211 805 1371 906 inllnrns
1406 807 1596 884 actionem
1629 809 1832 908 organismi
1866 813 2026 914 insurgit

327 968 502 1063 reaetio,
528 993 625 1069 quae
651 965 802 1059 nubas,
828 993 852 1041 a
876 968 1045 1042 laesione
1071 967 1245 1042 inductas
1257 1016 1269 1054 ,
1293 960 1447 1063 plaeere
1481 976 1521 1034 et
1544 959 1595 1034 ad
1631 959 1720 1038 loca
1745 965 2029 1068 circumscripta

266 1121 271 1128 ’
330 1128 467 1200 iterum
494 1121 722 1222 restringere
745 1138 917 1196 eonamr.
944 1119 1105 1213 Turbae,
1132 1121 1173 1194 in
1197 1117 1285 1192 loea
1311 1115 1597 1218 eireumseripta
1610 1115 1794 1211 reclusae,
1822 1121 2028 1196 solmntur.

250 1311 330 1373 152.
496 1303 540 1376 ln
566 1301 639 1374 tria
663 1299 766 1372 hune
791 1299 1150 1400 metamorphosium
1175 1299 1321 1401 cyclum
1346 1295 1524 1372 distribui
1556 1293 1697 1391 stadia,
1725 1300 1942 1374 nominibus
1970 1329 2030 1375 or·

330 1475 421 1530 nata
441 1454 572 1529 libitis.
600 1453 720 1530 Sunt:

503 1609 541 1706 a)
568 1607 739 1683 Stadium
764 1607 992 1698 invasionis,
1019 1607 1124 1708 qnod
1157 1607 1370 1706 systematis
1404 1604 1603 1707 sanguinei
1636 1605 1764 1683 turbas
1772 1665 1784 1702 ,
1820 1636 1864 1684 er
1889 1610 2028 1685 inlluxn
2088 1599 2093 1608 ’

331 1763 500 1867 quodam
525 1779 627 1839 ortas
654 1779 696 1837 et
717 1759 755 1834 in
781 1779 910 1864 partes
935 1761 1079 1836 vicinas
1106 1759 1398 1862 expandendas,
1425 1759 1607 1834 eontinet.

498 1943 542 2044 2)
569 1943 742 2019 Stadium
762 1943 962 2035 coctionis,
980 1943 1019 2016 in
1036 1966 1114 2042 quo
1129 1942 1403 2042 phaenomena,
1417 1965 1464 2054 ex
1487 1939 1684 2016 reaetione
1707 1945 1923 2043 organismi,
1939 1971 2031 2019 eon·
2065 2015 2071 2024 ,

332 2116 389 2172 tra
415 2098 604 2172 actionem
629 2094 788 2173 influxus
813 2097 1050 2197 insurgente,
1077 2112 1178 2189 orta,
1205 2093 1463 2196 explanantur.

496 2279 538 2378 8)
563 2277 736 2354 Stadium
759 2277 987 2370 solutionis,
1015 2275 1121 2378 quod
1156 2273 1360 2350 affectione
1396 2275 1436 2348 in
1470 2275 1598 2350 locum
1628 2275 1952 2380 eucumsempmm
1980 2279 2028 2353 ab

331 2427 535 2533 organismi
552 2431 748 2508 reaetione
760 2431 945 2518 restricta,
961 2429 1175 2506 affectionis
1187 2429 1340 2529 topicae
1351 2427 1528 2503 residuae
1540 2427 1775 2504 demonstrat
1790 2429 2029 2508 solutionem.

1087 2636 1255 2652 ἡ

778 2759 1078 2848 Stadium
1115 2759 1149 2847 1
1191 2755 1570 2848 invasionis.
1616 2845 1621 2856 ,

244 2963 327 3031 158·
496 2929 619 3008 Sicuti
643 2927 823 3022 influxus,
845 2930 898 3002 ita
923 2945 964 3002 et
988 2926 1142 3018 trabae,
1169 2925 1260 3000 inde
1287 2944 1413 3018 ortae,
1447 2925 1629 3026 qualitate
1654 2945 1694 3001 et
1726 2931 1935 3030 quantitate
1963 2933 2032 3006 im·

229 3052 234 3060 Ι
328 3110 459 3160 mense
482 3086 648 3179 variant3
674 3101 839 3157 attamen
866 3079 1069 3154 inlluxnum
1093 3081 1276 3172 aetionis,
1300 3099 1339 3155 et
1354 3081 1568 3182 systematis
1592 3084 1792 3182 sanguinei
1816 3083 2028 3161 affectionis

330 3258 474 3314 eertum
499 3239 641 3314 emisse
667 3237 784 3312 credo
811 3254 969 3338 typum,
996 3233 1067 3308 sub
1092 3235 1244 3336 punctis
1270 3231 1517 3334 sequentibus
1544 3235 1817 3335 explicandam.

244 3449 327 3516 ¹54.
409 3419 448 3518 1)
474 3417 607 3494 Omnis
633 3415 791 3490 inllurns
817 3414 964 3487 diverse
989 3437 1061 3512 pro
1087 3404 1268 3518 qualitate
1294 3431 1333 3486 et
1357 3417 1568 3514 quantitate
1593 3439 1660 3488 sna
1683 3419 1771 3516 ogit.

404 3599 447 3698 2)
473 3595 606 3672 Omnis
632 3593 844 3695 systematis
869 3591 1068 3690 sanguinei
1093 3589 1245 3664 affectio
1271 3589 1498 3665 evolationis
1523 3591 1641 3690 gradu
1666 3612 1705 3666 et
1735 3595 1865 3671 indole
1890 3561 2027 3676 differt.

246 3813 327 3879 15⁵.
404 3780 448 3877 3)
472 3773 695 3878 Syutematis
719 3769 916 3872 sanguinei
932 3793 1093 3872 organa,
1121 3795 1218 3868 quae
1243 3795 1394 3872 semper
1416 3771 1526 3846 simul
1549 3769 1785 3866 alliciuntur,
1813 3795 1922 3850 sunt:
1978 3753 1983 3762 ⁸

501 3983 538 4032 α.
564 3953 765 4054 Sanguinis
789 3952 972 4043 suemus,
998 3951 1038 4023 in
1064 3975 1142 4050 qno
1168 3967 1318 4042 motus,
1342 3949 1487 4044 undae,
1513 3978 1612 4052 quae
1644 3913 1892 4056 personales
1925 3914 2042 4062 traji.x

504 4137 518 4160 .
566 4109 684 4199 citur,
710 4107 824 4207 eopia
847 4123 887 4180 et
907 4105 1108 4196 diameter,
1135 4120 1173 4178 et
1197 4103 1393 4205 sanguinis
1417 4103 1636 4182 disteibutio
1649 4125 1851 4183 momatur.
2012 4125 2020 4132 “

497 4291 530 4361 b.
555 4286 723 4360 Parietes
747 4309 931 4358 vasorum.

496 4492 527 4540 c.
556 4464 758 4565 Sanguinis
784 4465 952 4556 indoles,
992 4491 1090 4566 quae
1123 4449 1188 4540 ant
1211 4491 1235 4539 a
1268 4481 1373 4540 motu
1406 4465 1600 4571 sanguinis
1631 4466 1786 4544 turbato
1818 4469 1926 4564 solo,
1964 4489 2029 4547 ant

566 4617 677 4693 simul
701 4643 725 4692 a
750 4617 885 4694 morbo
909 4618 1111 4722 dependet.

497 4801 534 4874 d.
564 4801 840 4902 l’arencliyma¹
868 4798 974 4899 qn⁰d
996 4823 1086 4874 rasa
1115 4753 1338 4874 circumdat·

384 4951 460 5049 (De
488 4953 631 5046 nmis,
658 4955 697 5026 in
724 4971 905 5053 quantum
920 4953 970 5028 ad
987 4933 1242 5030 cuculationis
1257 4979 1400 5053 organa
1416 4955 1618 5058 pertineat,
1639 4957 1693 5029 nil
1712 4955 1799 5049 vidi,
1818 4980 1891 5032 nee
1907 4957 2024 5053 scio.)

1302 5095 1322 5158 5
1342 5081 1363 5124 0
