4800 6194
1147 605 1223 720 ²⁹.

240 787 317 850 tto.
489 796 633 870 Pariter
645 791 917 902 parenchyma,
942 791 1048 892 quod
1067 793 1166 866 inter
1187 791 1330 868 rivulos
1346 793 1451 898 puris
1467 811 1508 870 et
1521 743 1715 895 sanguinis
1739 793 1852 900 jacet,
1870 793 2016 892 differt,

321 957 422 1028 inter
435 951 579 1028 rivulos
602 950 708 1052 puris
732 943 917 1020 tumidum
942 963 1010 1038 est,
1034 945 1229 1048 pallidum,
1252 965 1291 1020 et
1313 946 1545 1040 maculosum
1551 976 1565 1044 3
1592 974 1708 1052 quum
1732 949 1831 1026 inter
1865 949 2016 1050 sangui.

324 1107 385 1234 nis
406 1103 548 1181 rivulos
573 1119 741 1202 turgens,
758 1097 991 1202 pellucidum
1016 1115 1056 1176 et
1080 1126 1212 1198 purum
1235 1120 1303 1178 est,

559 1439 616 1553 d)
660 1440 744 1568 De
782 1437 1180 1530 resolutione
1223 1420 1803 1560 inflammationis.
1887 1485 1893 1494 ·

235 1641 327 1708 tte.
424 1679 430 1690 ·
485 1637 610 1710 Pauca
634 1633 685 1707 de
708 1632 942 1710 resolutione
980 1633 1285 1730 inflammationis
1313 1654 1402 1710 sunt
1424 1632 1611 1727 addenda,
1654 1663 1779 1736 quum,
1816 1638 1904 1710 ‹lom
1927 1663 2016 1712 rasa

317 1789 479 1892 pristina
501 1762 759 1879 restituuntur,
784 1791 944 1863 maxima
978 1789 1283 1866 inflammationis
1314 1815 1403 1891 pars
1436 1787 1549 1864 simul
1582 1789 1759 1862 avolaret.
1817 1790 2014 1866 Resolutio

217 1945 224 1954 “
316 1945 429 2042 igitur
439 1941 744 2018 inflammationis
766 1943 844 2042 jam
870 1945 1010 2046 eoepit,
1026 1945 1190 2044 'quando
1217 1941 1361 2046 globuli
1384 1968 1408 2017 u
1431 1959 1540 2042 tergo
1558 1943 1597 2016 in
1613 1941 1831 2018 columellas
1853 1943 2008 2034 irruunt,

281 2101 298 2125 ⁰
318 2101 414 2196 iprae
438 2097 599 2174 solvunt.
653 2191 658 2198 ¹

229 2311 312 2378 ¹52.
480 2302 560 2376 Sed
584 2318 726 2377 restant
750 2301 895 2376 insulae
931 2321 969 2378 et
994 2303 1276 2379 columellarum
1299 2330 1399 2406 pars,
1425 2329 1523 2404 quae
1549 2305 1589 2376 in
1615 2302 1795 2376 circulum
1819 2328 1899 2377 non
1938 2327 2015 2376 um·
2071 2283 2077 2296 ⁵

312 2455 413 2556 plius
438 2454 687 2549 revehuntur,
714 2453 848 2529 ambae
873 2457 1117 2558 resorptione
1147 2449 1363 2535 insensibili
1398 2458 1438 2530 in
1469 2455 1725 2558 parenclqma
1759 2453 1939 2530 diffluunt
1971 2471 2010 2528 et

312 2613 587 2710 extinguuntur,
610 2608 673 2692 ita,
698 2625 741 2680 ut
764 2611 881 2709 magis
907 2613 1106 2711 magisque
1128 2613 1393 2715 pallescentes,
1420 2611 1480 2686 rix
1505 2609 1626 2686 larem
1652 2608 1740 2702 loci,
1764 2633 1878 2708 quem
1904 2625 2013 2680 tenu·

310 2783 429 2856 erant,
454 2762 645 2862 reliquant
667 2777 807 2834 notam.

225 2961 308 3026 133.
473 2943 519 3014 ln
544 2937 760 3014 vulneribus
784 2937 1001 3030 leuioribus,
1029 2963 1126 3039 quae
1139 2939 1346 3015 columellis
1373 2941 1548 3040 gaudent,
1576 2940 1685 3015 valde
1703 2942 2009 3042 circumscriptis,

179 3159 182 3164 .
311 3111 352 3170 et
373 3091 505 3166 insulis
521 3093 660 3193 parcis,
682 3090 963 3165 columellarum
993 3095 1049 3186 (et
1073 3091 1396 3190 inflammationis)
1413 3079 1595 3170 resolutio
1622 3094 1700 3167 oito
1717 3097 1919 3194 peragitur,
1947 3097 2010 3184 ita,

313 3265 356 3320 ut
379 3245 455 3342 jum
479 3269 612 3320 omnes
640 3245 893 3345 disparuerint
928 3243 1234 3319 inflammationis
1258 3265 1394 3338 notae,
1433 3274 1548 3350 quum
1580 3273 1653 3320 nee
1686 3245 1819 3320 rulnus
1856 3248 2008 3346 penitus

312 3400 493 3491 clausum,
519 3421 591 3472 nee
616 3423 706 3472 rasa
731 3397 859 3470 omnia
884 3397 960 3474 sint
984 3395 1155 3470 formata.

473 3578 557 3650 Hoc
580 3573 696 3650 modo
721 3573 966 3648 inflammatio
992 3574 1219 3673 transigitur.

660 3851 1677 3970 e)De·eieatriscttione.
1829 3855 1838 3870 ’

225 4083 307 4146 154.
475 4057 509 4128 A
531 4053 685 4155 lympha
707 4053 869 4155 plastica
883 4051 1050 4126 vulneris
1075 4051 1263 4150 margines
1290 4049 1455 4150 denique
1481 4047 1695 4150 implentur,
1720 4065 1759 4123 et
1775 4069 2004 4126 maneseunt

308 4208 456 4308 reliqua
481 4205 696 4280 affectionis
720 4209 872 4309 topicae
898 4205 1079 4306 vestigia,
1105 4207 1174 4280 sed
1199 4221 1370 4280 remanet
1394 4204 1559 4280 cicatrix.

223 4449 308 4516 ¹35.
473 4413 664 4518 Lymphae
686 4413 870 4516 plasticae
896 4411 1088 4514 depositio
1114 4437 1364 4512 vasorumque
1381 4409 1558 4484 lormutio
1572 4409 1853 4502 continuantur,
1879 4405 2003 4484 donee

309 4571 441 4648 vulnus
468 4567 646 4664 clausum,
671 4594 921 4670 vasorumque
946 4570 986 4642 iu
1008 4584 1118 4669 parte
1141 4563 1248 4642 laesa
1270 4563 1418 4656 fabrioa
1445 4563 1496 4636 sit
1518 4565 1700 4636 restituta.

221 4756 303 4839 136.
373 4817 381 4826 .
468 4749 669 4826 Pulchrum
691 4751 851 4854 praebet
873 4775 1050 4826 vasorum
1074 4749 1179 4824 eirea
1204 4747 1349 4838 vulnus,
1378 4743 1544 4818 nondum
1571 4742 1749 4830 clausum,
1784 4735 1999 4814 distributio

306 4904 561 5002 spectaculum
567 4931 583 5000 3
604 4931 691 4980 nam
716 4930 816 5000 rasa,
843 4903 893 4980 ed
917 4903 1083 4980 uulneris
1106 4903 1314 5002 marginem
1338 4924 1458 5000 usquo
1481 4895 1667 5000 prolaeta,
1701 4892 1757 4966 ibi
1790 4891 1916 4966 subito
1940 4913 1999 4964 re·
