4838 6192
1169 605 1240 686 ¹¹9

179 793 258 889 rig.
294 807 356 871 42.
526 797 610 868 Duo
637 798 826 867 interstitia
857 800 957 888 puris
981 815 1066 864 cum
1091 795 1340 888 corpusculis,
1363 815 1458 890 quae
1482 797 1520 864 in
1545 793 1617 865 illis
1641 793 1925 885 conspiciuntur.
1959 791 2062 866 Haec

357 952 568 1043 corpuscula
605 973 678 1022 una
704 973 787 1024 cum
815 959 916 1022 motu
941 950 1051 1022 morlo
1078 957 1284 1044 emergunt,
1325 948 1436 1020 modo
1464 946 1640 1032 dissuuat,
1668 946 1729 1030 its,
1756 957 1797 1018 ut
1822 946 2057 1040 corpusculo·

275 1093 280 1102 ’
360 1125 445 1174 rum
471 1105 801 1200 evolutio-penitus
825 1129 847 1175 a
871 1113 995 1178 motus
1021 1104 1230 1176 conditione
1256 1101 1458 1197 dependere
1483 1101 1658 1182 rideatur.

179 1291 256 1388 Fig-
290 1307 351 1372 ts.
408 1267 416 1282 .
517 1301 639 1372 Rivali
663 1303 765 1395 puris
790 1298 1042 1376 anostomotici
1068 1320 1151 1370 cam
1169 1297 1327 1394 granmis
1350 1319 1481 1393 parum
1500 1297 1795 1390 circumscriptis,
1822 1314 1916 1390 quac
1938 1293 1975 1364 in
1991 1291 2060 1364 illis

211 1543 216 1553 ¹
357 1461 557 1524 remeatur.

177 1645 252 1742 lig.
296 1657 359 1721 44.
412 1692 419 1700 ·
523 1648 678 1719 Flaccus
703 1651 892 1742 sanguinis
917 1647 1094 1742 singulus·

177 1847 254 1943 lig.
290 1858 355 1923 45.
516 1841 754 1916 lateratitinm
779 1851 863 1912 curn
890 1841 1134 1936 corpusculis,
1173 1841 1212 1912 in
1237 1840 1300 1912 illo
1326 1805 1609 1936 emergentibus.
1679 1841 1780 1914 Haeo
1821 1841 1877 1910 uti
1903 1835 2059 1907 intersti-
2178 1889 2180 1894 .

353 1999 446 2070 tium
472 2001 593 2094 ipsum
620 2001 736 2091 magis
762 1997 1052 2094 circumscripta,
1079 2015 1189 2091 qnam
1213 1995 1276 2066 illa
1301 1996 1402 2088 puris
1428 2003 1528 2068 sunt.

175 2173 253 2272 ἥδ·
290 2166 351 2247 46·
519 2193 637 2264 Rivali
661 2192 847 2287 sanguiuls
870 2213 954 2284 pars
980 2213 1064 2262 cum
1090 2189 1260 2286 granulis.
1325 2194 1484 2266 Granula
1531 2191 1815 2264 individualitate
1850 2182 1949 2255 haud
1985 2183 2060 2254 exi·

305 2333 315 2356 ⁸
352 2367 423 2442 gua
449 2347 626 2444 gaudent3
651 2353 830 2426 attanmn,
880 2354 985 2416 motu
1010 2345 1265 2417 intermittente
1287 2355 1328 2419 et
1352 2348 1589 2444 inaequaliter
1604 2347 1723 2419 adhuc
1748 2338 1952 2422 annisum,
1968 2335 2059 2408 hinc

316 2511 322 2527 ·
354 2500 438 2571 inde
464 2502 647 2596 margines
674 2499 963 2592 circumscriptos
987 2498 1168 2592 deponere
1192 2479 1372 2572 ridentur.

171 2675 248 2772 fig·
285 2690 348 2757 ⁴1·
519 2693 720 2765 Graculum
742 2694 942 2790 sanguinis,
982 2693 1083 2788 quo'd
1115 2696 1151 2764 in
1181 2696 1303 2765 rivulis
1329 2649 1560 2790 conspicitur.
1609 2690 1885 2800 Subrotnadum
1911 2699 1986 2776 est,
2021 2698 2059 2763 at

349 2847 481 2919 nucleo
512 2847 658 2940 penitus
690 2855 802 2920 caret.
862 2845 1086 2930 Granulum,
1125 2848 1212 2918 dum
1238 2848 1415 2930 nascitur,
1448 2841 1523 2941 jam
1549 2846 1772 2940 sphaericam
1814 2846 1961 2938 quaerit
1985 2842 2058 2916 for·

347 3021 466 3082 mam,
492 3005 603 3103 quam
627 2999 743 3094 magis
768 2999 959 3094 magisque
984 2999 1132 3080 evolvit,
1160 2998 1249 3068 dum
1274 3007 1378 3070 motu
1402 2998 1554 3070 liberius
1586 3002 1827 3080 increscente,
1866 3020 1887 3070 a
1928 3021 2057 3092 paren·

347 3152 514 3264 chymate
539 3151 707 3242 cingente
734 3147 896 3219 solvitur.
972 3145 1176 3217 Granulum
1202 3151 1389 3222 evolutum
1418 3151 1544 3221 halore
1572 3155 1720 3245 proprio
1745 3152 1849 3246 quasi
1898 3151 2055 3223 athmos·
2085 3233 2090 3240 ,

345 3303 611 3397 phaerico,quo
628 3299 947 3370 individualitatem
973 3300 1115 3384 indicat,
1143 3301 1301 3396 denique
1327 3304 1499 3374 munitur.

161 3483 242 3579 ng,
280 3495 351 3568 ts..
510 3478 723 3565 Granuluuf
737 3496 839 3589 puris
866 3493 1115 3586 sphaericum,
1158 3493 1258 3589 quod
1297 3495 1392 3564 circa
1427 3496 1645 3568 eroluliouis
1680 3495 1834 3593 gradum
1864 3501 2040 3594 sangarius

348 3648 464 3720 multo
489 3601 638 3718 interius
667 3655 734 3718 est.

155 3815 245 3907 Pig-
271 3830 333 3910 49·
514 3825 662 3898 Globuli
685 3824 879 3923 sanguinei
905 3847 1036 3906 ranae,
1068 3828 1176 3898 variis
1200 3819 1384 3899 flumenis
1404 3803 1611 3922 conspecti}
1636 3827 1762 3926 quales
1786 3836 1825 3904 ia
1846 3843 1945 3940 pratu
1969 3857 2050 3911 cor·

348 3983 450 4074 poris
466 3987 666 4056 senointra
681 3987 984 4052 vcsaoccurrunt
1016 3976 1213 4060 Globulus,
1236 3975 1402 4064 atlante,
1419 3981 1570 4066 statere,
1586 3990 1791 4078 etsuperne
1806 3988 2045 4082 conspicitur.
2128 4031 2139 4052 ·
2183 4013 2193 4036 ·

523 4159 724 4242 Globulus,
750 4161 834 4256 qui,
860 4179 881 4231 e
903 4181 994 4232 rena
1019 4161 1149 4230 missus
1171 4165 1208 4228 et
1232 4163 1309 4232 atri
1329 4163 1533 4254 expositus,
1559 4159 1744 4237 volumine
1765 4167 1942 4240 tammul-

516 4339 557 4410 ln
577 4337 748 4438 globulo,
782 4340 923 4412 diutius
951 4337 1022 4411 sub
1049 4343 1134 4410 aere
1156 4346 1341 4424 versante,
1367 4339 1518 4411 nucleus
1544 4339 1738 4454 detegitur.

511 4518 671 4592 Nucleus
688 4521 806 4618 magis
837 4525 1025 4618 magisque
1047 4521 1242 4603 evolvitur,
1269 4519 1355 4590 licet
1376 4519 1516 4616 globuli
1543 4525 1724 4618 margines
1751 4521 1931 4600 diffluant.
2085 4523 2117 4559 ·’

121 4715 224 4810 ng,
266 4723 327 4790 53,
507 4697 609 4770 Dum
624 4698 794 4798 globulus
816 4701 1030 4810 exsiccatur,
1054 4700 1203 4774 nucleus
1221 4705 1341 4782 rmtat,
1369 4701 1465 4770 cuca
1481 4721 1591 4794 quem
1610 4705 1901 4803 integumentum
1929 4712 2039 4804 qumi

351 4859 577 4952 corrugatur.
