4838 6192
1103 571 1108 582 ’
1159 579 1229 646 tot

290 747 295 752 ¹
349 763 624 860 restringantur
639 747 762 863 atque'
773 764 1000 863 judicentur.
1033 769 1117 842 Hoc
1137 765 1178 840 in
1200 765 1332 870 primis
1350 762 1643 840 inflammatione
1661 762 1870 840 intensiore
1880 782 1919 839 et
1932 764 2040 842 febre
2185 877 2190 884 .

349 913 495 1014 majore
518 932 743 1016 praegressa
768 918 872 992 etin
898 919 1123 993 animalibus
1149 917 1456 1018 generosioribus
1476 917 1675 1016 contingit.
1703 929 1708 944 '

259 1085 345 1166 42⁶.
511 1085 556 1155 lu
580 1083 678 1159 loeis
702 1085 996 1187 circumscriptis
1015 1087 1124 1162 crisis
1145 1087 1252 1162 vario
1278 1086 1396 1160 modo
1417 1085 1621 1186 perficitur.
1673 1085 1761 1178 Aut,
1788 1084 1865 1161 loei
1889 1084 2037 1164 fabrica

347 1235 470 1348 laesa,
516 1241 652 1314 valam
674 1241 859 1336 quoddam
885 1241 999 1313 adest.
1056 1241 1130 1315 Aut
1154 1241 1292 1315 fabrica
1315 1243 1390 1312 loci
1414 1262 1491 1311 uon
1515 1242 1630 1323 laesa,
1669 1243 1706 1311 in
1731 1240 1794 1310 illo
1820 1242 1876 1310 vel
1900 1239 2042 1314 inflam-

345 1391 459 1463 matio
485 1416 614 1466 sanans
639 1393 853 1487 deponitur,
886 1397 944 1467 vel
970 1398 1074 1467 crisis
1098 1419 1163 1491 per
1188 1393 1416 1467 functionem
1435 1396 1549 1486 partis
1574 1401 1752 1462 mutatam
1779 1391 1990 1464 absolvitur.

254 1573 343 1640 421.
513 1561 558 1632 lu
571 1560 701 1632 eodem
709 1561 1131 1658 morbosaepiusplnres
1140 1563 1259 1636 morbi
1267 1559 1340 1633 ioci
1351 1565 1598 1642 inveniuntur,
1621 1564 1661 1630 iu
1671 1583 1915 1654 quorumnuo
1932 1579 2049 1634 vaso:

339 1733 423 1782 rum
437 1710 574 1784 labriea
587 1715 684 1786 laesa
698 1723 771 1799 est,
795 1714 913 1786 inalio
927 1715 1161 1790 inflammatio
1177 1737 1307 1788 sanans
1324 1717 1537 1810 deponitur,
1562 1719 1652 1785 etin
1668 1715 1740 1785 alie
1751 1719 1865 1808 partis
1884 1713 2025 1787 iunctio

345 1863 590 1939 modificatur.
642 1870 762 1942 Crines
777 1873 1002 1964 compositae
1018 1879 1055 1944 et
1067 1893 1134 1964 per
1150 1837 1358 1940 functiones
1370 1871 1529 1961 partium
1545 1875 1703 1938 mutatas
1715 1865 1916 1966 absolutae,
1943 1877 2031 1962 post
2104 1953 2107 1958 Δ

340 1975 553 2094 affectiones
578 2027 762 2117 graviores
803 2023 998 2094 exantlatas
1029 2029 1066 2093 et
1095 2027 1136 2093 iu
1173 2023 1396 2094 animalibus
1434 2019 1734 2115 generosioribus
1769 2020 2034 2116 frequentiores

343 2177 441 2241 sunt
488 2171 533 2242 In
569 2173 788 2247 animalibus
812 2173 1049 2248 inferioribus
1074 2179 1179 2247 crisis
1212 2179 1251 2246 iu
1275 2177 1373 2260 loco,
1411 2179 1570 2268 primum
1595 2183 1710 2259 meto,
1748 2181 1785 2247 ct
1808 2196 1876 2269 per
1900 2147 2035 2248 mlius

341 2321 480 2396 samm
506 2325 636 2398 alselvi
661 2329 768 2398 solet.

253 2533 339 2600 423,
509 2507 544 2572 5.
595 2493 808 2566 Stadium
844 2498 1127 2568 sanationis.

501 2661 594 2734 Crisi
626 2672 791 2757 peracta,
831 2663 988 2735 stadium
1022 2657 1458 2744 sanationis'inducitur,
1485 2655 1588 2757 'qnae
1623 2662 1735 2734 modo
1769 2667 2035 2760 simplicissimo

342 2819 568 2912 transigitur.
620 2817 658 2888 Si
694 2818 825 2888 minus
858 2783 978 2899 adest,
1010 2813 1125 2886 laesio
1152 2820 1207 2886 uti
1233 2817 1367 2886 vulnus
1393 2836 1480 2884 cum
1506 2813 1642 2887 abrica
1668 2822 1783 2911 partis
1807 2821 1905 2894 laesa
1929 2846 2033 2894 sana·

340 2977 414 3041 tur.
457 2969 498 3040 Si
524 2971 756 3043 solummodo
788 2969 1025 3045 inflammatio
1051 2991 1183 3042 sanans
1208 2974 1393 3059 superest,
1416 2969 1486 3040 levi
1512 2990 1622 3061 opera
1649 2991 1670 3038 a
1695 2978 1802 3066 tergo
1825 2973 2030 3070 dissipatur.

342 3121 381 3192 Si
407 3132 530 3193 autent
554 3099 717 3216 partium
742 3123 883 3195 functio
908 3129 1047 3194 mutata
1071 3128 1146 3209 est,
1183 3121 1275 3192 baec
1301 3123 1436 3193 sensim
1460 3118 1596 3203 iterum
1622 3123 1669 3194 ad
1695 3131 1829 3197 statum
1853 3148 1998 3199 noma·

339 3273 412 3342 lem
436 3273 655 3348 restituitur.

503 3441 551 3514 11.
603 3443 670 3514 De
694 3441 1078 3512 inflammatione
1101 3445 1312 3508 sanante.

247 3621 333 3702 ⁴²9·
500 3605 682 3706 Superest
707 3606 882 3706 quaestio
905 3603 953 3676 de
983 3600 1277 3674 inflammatione
1299 3617 1474 3690 sanante,
1516 3625 1614 3700 quae
1640 3619 1720 3676 toto
1747 3606 1858 3680 coelo
1883 3635 1907 3682 a
1928 3635 2027 3684 mor·

336 3758 433 3833 bosa
457 3757 594 3858 differt.
655 3759 901 3833 inflammatio
926 3781 1064 3830 sanans
1090 3777 1328 3853 nequaquam
1352 3778 1375 3823 a
1398 3749 1534 3825 morbo
1563 3754 1747 3852 quodam,
1784 3758 1853 3832 scd
1874 3785 1917 3834 re
1939 3787 2029 3837 vera

337 3939 361 3984 a
396 3901 531 3986 natura
559 3914 644 4013 ipsa
668 3913 830 3985 medicat
848 3919 929 3984 rice
960 3909 1171 4002 inducitur-3
1196 3933 1270 3981 nee
1294 3908 1378 4008 ipsa
1399 3907 1576 3979 damnum
1603 3904 1756 4004 inlligit,
1793 3907 1862 3983 sed
1890 3911 2029 3986 damna

337 4063 482 4138 inllieta
510 4065 683 4164 corrigit,
710 4065 857 4138 ntideo
883 4063 1016 4136 critica
1036 4080 1103 4134 cst.

245 4246 354 4311 430„
498 4216 745 4290 lnssammatio
770 4241 908 4293 sanam
930 4215 1085 4286 minime
1107 4212 1237 4286 stadiis
1264 4209 1433 4310 pluribus
1464 4226 1503 4282 ct
1531 4211 1889 4310 metamorphosim
1922 4217 2027 4292 serie

339 4369 564 4471 complicata
578 4369 788 4461 conficitur,
809 4367 881 4442 sed
894 4366 1058 4467 simplici
1070 4365 1188 4438 modo
1199 4363 1389 4436 inducitur
1404 4379 1443 4434 et
1456 4363 1593 4434 iterum
1609 4359 1780 4438 solvitur.
1818 4365 1940 4440 Unica
1960 4393 2022 4442 ω.

338 4525 533 4600 lummodo
556 4521 859 4598 inflammationis
881 4519 1048 4592 sanantis
1069 4520 1216 4618 specics
1242 4515 1363 4605 datur,
1390 4540 1499 4615 quac,
1526 4513 1559 4586 si
1582 4510 1729 4586 lubrica
1756 4517 1877 4615 partis
1900 4518 2024 4618 cujus-

335 4677 423 4762 dam
449 4678 551 4752 laesa
575 4695 652 4768 est,
682 4702 705 4748 a
729 4692 862 4748 nutura
884 4672 1082 4746 inducitur.
1116 4673 1160 4742 Iu
1185 4668 1322 4742 codem
1339 4649 1502 4769 partium
1523 4665 1632 4765 cyclo
1654 4665 1897 4742 inflammatio
1920 4696 2020 4744 mor.

333 4789 430 4904 bosa
451 4856 518 4906 seu
542 4827 696 4903 morbus
716 4829 813 4901 alius
841 4843 881 4899 et
903 4823 1146 4897 inflammatio
1168 4847 1307 4898 sanans
1329 4821 1489 4893 existere
1512 4845 1591 4892 non
1619 4835 1792 4918 possunt.

1300 4989 1346 5050 14
1372 4972 1395 5014 ⁸
