4800 6194
1041 689 1066 762 ὅ

194 927 268 988 tur.
318 911 420 984 Inter
458 899 554 977 baec
591 909 725 972 crantt
760 887 925 995 piscium
957 884 1076 1004 pinna
1113 853 1278 970 caudae,
1312 897 1407 982 praa
1433 871 1569 950 cetaria
1593 896 1685 948 vcro
1719 865 1906 946 cobitidit

199 1077 343 1154 sectilia
354 1103 368 1170 3
395 1073 574 1146 tritonum
600 1059 825 1151 branchiae,
851 1057 1074 1161 pulmonea,
1100 1045 1367 1123 metentcrinm
1394 1061 1432 1118 ct
1459 1040 1603 1137 cauda,
1630 1065 1808 1114 ranarum
1837 1063 1900 1114 ct·

201 1247 435 1326 culentarum
459 1259 498 1315 et
523 1237 798 1340 aquaticarum,
824 1233 1035 1336 pulmones,
1061 1220 1193 1324 bepar,
1216 1215 1484 1294 mecentarium
1498 1232 1536 1289 ct
1553 1211 1778 1326 =membrana
1801 1223 1908 1286 nuta·

199 1416 318 1511 toria,
373 1437 520 1486 murum
558 1419 727 1486 'natorum
777 1405 1145 1494 domesticorumque
1212 1406 1251 1465 0⁸
1301 1385 1564 1464 cuniculorum
1616 1377 1907 1463 mestum,

201 1586 340 1688 bcpar,
366 1581 446 1656 lien
469 1585 508 1654 et
531 1577 645 1656 tnbna
670 1579 912 1657 intcttinalit.

304 1977 458 2080 Organa
482 1975 559 2050 aitu
583 1972 813 2050 horizontali
837 1973 908 2050 tub
933 1975 1191 2080 microacopio
1216 1969 1426 2070 collocari3
1451 1967 1640 2046 cobitidct
1666 1981 1705 2039 ct
1727 1961 1904 2048 tritones,

202 2165 246 2222 ut
279 2146 420 2224 caudae
459 2145 743 2246 investigarem,
779 2144 901 2220 fascia
934 2146 1124 2222 involutos
1134 2199 1148 2240 ,
1182 2143 1235 2221 ad
1258 2144 1473 2218 machinam
1497 2133 1709 2240 quam,
1744 2153 1842 2232 quoe
1870 2125 1910 2198 in

205 2314 335 2394 medio
360 2331 536 2390 excavata
559 2331 600 2389 et
634 2315 733 2428 uitro
765 2293 878 2390 tacta
892 2331 999 2438 erpt,
1025 2313 1176 2392 modice
1200 2315 1352 2390 nunni.
1403 2315 1531 2388 Ranae
1555 2307 1598 2382 in
1620 2325 1773 2380 caccum
1797 2297 1910 2406 lint07

164 2512 171 2524 ·
208 2515 272 2564 nm
297 2489 351 2564 ita
374 2487 533 2579 reeluai,
570 2505 613 2564 nt
644 2511 716 2592 per
741 2487 847 2564 colna
881 2486 982 2563 liber
1012 2507 1125 2574 canet.
1186 2491 1299 2588 Tunc
1331 2485 1471 2593 pediu,
1498 2483 1540 2558 in
1572 2477 1748 2554 machina
1770 2469 1911 2578 Ρθῦῑῑῖ»

195 2655 463 2765 'membranam
489 2663 721 2738 natatoriam
746 2663 898 2738 extendi
928 2681 968 2740 at
992 2663 1158 2756 acnbua,
1183 2688 1256 2767 per
1279 2657 1536 2742 formicula,
1572 2652 1713 2756 quibat
1737 2643 1914 2721 methin·

209 2836 260 2912 ad
285 2837 474 2911 incisurae
499 2835 648 2910 mediae
672 2835 859 2936 marginaa
885 2854 967 2912 crat
991 2838 1192 2928 instructa,
1218 2834 1410 2924 immieaia,
1439 2829 1590 2906 retinui.
1626 2825 1773 2900 Pariter
1799 2819 1913 2894 etiam

216 3008 481 3084 inescatorium
505 2997 621 3081 ranae
647 3033 853 3110 erpanaum
872 3005 1069 3112 figebatur.
1119 3007 1281 3087 viscera
1304 3005 1454 3109 reliqna
1478 3005 1561 3082 aine
1586 2993 1816 3075 adminiculo
1853 3015 1915 3068 ar·
1959 3034 1969 3061 ι
2109 2979 2114 2990 ’

59 3281 70 3290 ι
215 3179 369 3259 teiiciali
394 3179 514 3258 libere
550 3179 861 3262 extendebantur.

317 3583 553 3685 organorum
580 3581 875 3686 applicationem
906 3582 1163 3662 inemmcntia
1187 3580 1279 3657 tolia
1306 3603 1499 3683 nunqnam
1521 3605 1639 3683 poete
1662 3581 1814 3684 perfici,
1849 3581 1918 3658 aad

165 3792 170 3800 ·
217 3756 390 3836 manibus
415 3756 513 3832 benc
537 3755 712 3832 exercitia
735 3756 900 3860 plurima
924 3783 1007 3832 crac
1034 3755 1264 3832 comittenda
1275 3809 1289 3848 ,
1316 3753 1523 3856 notandum
1549 3777 1617 3834 eat
1650 3759 1749 3834 Nam
1777 3756 1919 3832 anima·

219 3939 283 4024 lia,
309 3903 442 4012 contra
465 3933 538 4008 rim
564 3949 754 4004 externam
780 3933 985 4032 rcagentia,
1013 3932 1195 4006 immam
1221 3932 1490 4034 crpcrimcntia
1505 3950 1647 4032 parapt
1666 3931 1919 4036 impedimen·

217 4131 275 4189 ta.
300 4135 399 4210 quae
424 4131 496 4184 nec
522 4105 766 4210 prospicere,
792 4129 864 4180 nec
890 4130 1020 4210 arcera
1045 4104 1148 4180 licet.
1202 4111 1247 4182 In
1271 4130 1410 4207 genere
1435 4123 1626 4182 momenta
1649 4106 1797 4201 fautu,
1825 4131 1919 4209 qua·

218 4285 253 4360 ai
286 4283 385 4356 sorte
424 4279 680 4364 occurrentia,
720 4279 797 4352 cito
838 4285 926 4354 eunt
959 4277 1176 4380 capienda,
1206 4279 1409 4354 retinenda
1442 4296 1483 4354 ct
1518 4279 1812 4380 perscrutanda,
1847 4305 1922 4356 ncc

221 4454 384 4532 eoncilia
408 4449 579 4558 spatiosa
603 4465 643 4524 et
666 4447 821 4524 aubtiliu
841 4475 914 4526 nec
941 4473 1083 4554 eoopua
1114 4471 1242 4529 certat
1265 4471 1355 4529 aunt
1377 4405 1708 4558 prandeatinanda,
1735 4451 1827 4553 quia
1850 4432 1934 4528 ab·=

224 4625 342 4700 errari
367 4622 504 4699 colent.

323 4966 588 5067 Experimenta
631 4993 811 5046 caumana
823 5023 836 5062 ,
878 4967 929 5046 ab
955 4969 1059 5044 omni
1087 4969 1237 5046 theoria
1264 4971 1420 5072 quidem
1445 4971 1610 5050 abstinui
1621 5000 1636 5072 5
1676 4987 1842 5047 anamcn
1869 4969 1926 5054 cia
