4838 6192
1108 591 1115 604 '
1200 591 1271 655 114

391 795 499 864 etiam
518 780 658 882 majora
676 803 760 852 vasa
782 779 937 868 infercit,
955 795 1117 854 renutet
1132 783 1279 851 arterias
1289 775 1342 874 (d.
1356 799 1386 852 e.
1398 776 1496 876 sse).
1523 780 1600 852 Nec
1617 762 1819 867 rorum'est,
1841 809 1887 858 ex
1907 789 2093 884 sanguiris,

390 967 411 1018 e
439 948 542 1014 vasis'
560 939 714 1009 dilatatis
752 933 1097 1020 cartemianum
1123 929 1274 1004 formari
1303 926 1378 1032 (g).
1415 934 1455 1004 ln
1482 950 1583 1029 perte
1609 934 1678 1006 alia
1704 959 1870 1010 vasonum
1899 937 1949 1044 (i)
1976 961 2097 1017 motus
2138 995 2141 1002 r

340 1113 348 1122 ·
388 1089 620 1186 perturbatus
650 1103 691 1184 et
723 1088 933 1198 irregularis
966 1089 1086 1160 adhuc
1117 1103 1271 1184 perstat,
1317 1089 1381 1184 qui
1403 1092 1447 1182 ⁸iu
1472 1090 1732 1162 oscillatorium
1759 1097 1958 1181 mansione,
1985 1079 2095 1170 morti

387 1249 533 1339 saepius
558 1218 734 1338 superest<
785 1241 873 1314 Pars
897 1243 967 1314 alia
991 1221 1161 1315 vasorum
1189 1241 1422 1314 minimorum
1449 1241 1604 1330 resoluta
1631 1257 1667 1315 et
1692 1243 1827 1340 dilapsa
1849 1245 1922 1342 (h),
1951 1255 2092 1347 sangui·

385 1399 536 1504 nemin
562 1397 821 1494 parenchyna
861 1367 948 1469 inde
982 1398 1231 1482 maculosum,
1265 1401 1409 1492 sparsit.
1462 1399 1617 1482 Omnes,
1645 1421 1737 1495 quas
1777 1355 1996 1484 memoravi,
2023 1401 2095 1477 me·

384 1553 636 1646 tamorphoses
662 1558 870 1656 promiscue
895 1549 998 1649 juxta
1015 1573 1063 1623 se
1088 1555 1227 1646 positae
1252 1539 1358 1635 sunt,
1394 1553 1458 1624 sed
1495 1555 1658 1650 singulae
1693 1559 1802 1648 quau
1837 1553 1920 1626 ioco
1944 1556 2093 1652 proprio

384 1711 556 1806 gaudent.
608 1707 775 1780 Attamen
798 1731 867 1802 pro
891 1703 1097 1779 affectionis
1123 1704 1242 1804 gradu
1267 1672 1340 1778 hae
1360 1707 1416 1776 rel
1437 1705 1522 1778 illae
1548 1668 1665 1801 magis
1684 1707 1857 1804 ,excultae
1874 1703 1973 1780 sunt.
1996 1708 2094 1798 ,Tali

383 1860 498 1930 modo
536 1857 727 1932 affectione
752 1862 887 1934 leviore
911 1859 1130 1956 praegressa,
1157 1874 1269 1932 stasee
1296 1872 1332 1929 et
1356 1859 1497 1932 insrrlao
1538 1875 1732 1952 parantum
1772 1859 1982 1934 affsotioue·
2008 1887 2092 1938 vero

315 1985 328 2014 χ
383 2013 549 2118 grauiore
574 2018 776 2098 exantlata,
814 2012 990 2088 resolutio
1028 2033 1199 2084 vasorum
1234 2011 1399 2106 plenaria
1423 2012 1532 2086 latius
1558 2023 1696 2112 regnat.
1835 2043 1837 2049 s

197 2177 274 2277 Fig.
305 2169 363 2250 16.
531 2169 622 2244 Pars
649 2167 860 2266 marginalis
887 2165 1032 2261 hepatis
1051 2137 1218 2237 ¹cuniculi
1250 2164 1319 2240 sub
1347 2165 1595 2262 magnitudine
1620 2167 1791 2242 naturali.

232 2373 239 2392 ·
365 2411 377 2431 .
474 2415 477 2422 A
549 2352 637 2424 Pars
663 2350 789 2422 eadem
814 2345 885 2418 sub
912 2351 1399 2447 miroroscopio·conspecta.

358 2529 369 2550 '
487 2499 491 2506 Ι
547 2527 712 2626 Figura
739 2529 951 2600 Normalem
977 2517 1222 2598 circulationis
1244 2534 1381 2600 statum
1412 2530 1450 2597 in
1468 2526 1598 2620 hepate
1619 2531 1779 2600 cuniculi
1806 2553 1992 2628 nunquam
2025 2529 2088 2606 ob·
2195 2554 2198 2564 ·

384 2690 541 2771 servavi.
575 2685 639 2758 sed
675 2706 817 2778 semper
847 2681 1132 2752 inflammatione
1158 2679 1236 2756 dira
1260 2675 1333 2776 jam
1361 2679 1594 2774 perturbatus
1623 2690 1710 2754 erat.
1763 2685 1934 2756 Attamen
1960 2683 2003 2754 de
2032 2705 2088 2754 va·

382 2813 507 2914 sorum
533 2843 571 2910 in
597 2837 726 2932 hepate
753 2835 885 2946 fabrica
913 2833 1067 2905 dtrbium
1096 2855 1174 2905 esee
1200 2835 1334 2928 nequit.
1402 2833 1627 2906 arteriarum
1677 2827 1737 2932 (a)
1766 2842 1802 2907 et
1836 2831 2091 2934 v'euarum(b)
2213 2833 2217 2840 “

382 2992 460 3063 iere
484 2971 583 3063 idem
609 2943 666 3064 est
683 2987 828 3060 habitus
847 2997 883 3062 et
909 3011 1105 3076 uumerus,
1146 3010 1214 3057 nec
1247 3009 1321 3058 non
1348 2987 1472 3059 eadem
1496 2957 1687 3084 vsanguinis
1719 2990 1888 3062 movendi
1908 2988 2085 3063 celeritas.

381 3145 584 3218 Amberum
602 3144 808 3215 distributio
836 3151 933 3212 certo
960 3162 1104 3234 semper
1129 3137 1262 3234 gaudet
1284 3147 1388 3234 typor,
1406 3161 1491 3210 nam
1518 3145 1670 3214 arteriae
1694 3145 1834 3214 avenis
1868 3147 1972 3238 quasi
2015 3145 2108 3214 cin·'

284 3334 288 3342 ’
381 3309 527 3402 guntur.
578 3299 737 3378 Arteria,
763 3299 801 3366 iu
827 3294 1004 3364 circulum
1030 3296 1356 3406 arenisparatum
1379 3315 1587 3389 progressa,
1614 3293 1736 3366 subito
1751 3299 1786 3366 in
1805 3291 1970 3366 surcrrlos
1995 3296 2090 3366 mul·

382 3463 439 3528 tos
466 3449 673 3535 dilabiturs
698 3451 762 3544 qui
786 3447 944 3542 penicilli
974 3445 1188 3516 salutantur.
1240 3445 1293 3516 Hi
1324 3447 1460 3518 surculi
1491 3451 1529 3517 in
1551 3453 1626 3522 rete
1651 3445 1821 3540 capiliare
1848 3443 2086 3518 effunduntur

384 3608 672 3702 amplissimum,
699 3598 805 3697 cujus
840 3601 946 3692 rivuli
984 3599 1116 3694 singuli
1147 3599 1362 3691 corpuscula
1379 3600 1584 3693 sphaerica,
1613 3601 1897 3686 arinuloedicta,
1914 3606 2081 3699 cingunt.
2145 3674 2148 3680 ,

384 3761 576 3856 Sanguinis
602 3766 762 3839 motum,
790 3759 853 3850 qui
879 3777 944 3848 per
970 3761 1023 3826 tot
1048 3751 1217 3850 ambages
1246 3758 1282 3820 et
1309 3773 1373 3844 per
1398 3757 1557 3846 spatium
1578 3757 1824 3866 vastissimum
1848 3741 2088 3828 circumduci·

288 3885 294 3894 ’
387 3921 465 3996 tur,
491 3921 547 3986 sat
573 3911 715 3982 lentum
741 3929 840 3990 esse,
867 3913 977 4002 patet.
1038 3907 1070 3976 E
1103 3903 1172 3976 reti
1192 3911 1292 3976 vaslo
1309 3907 1435 4004 trivuli
1458 3908 1503 3978 ad
1526 3909 1604 3979 loca
1630 3913 1726 3980 certa
1744 3867 1885 3979 ¹iterum
1914 3909 2108 4020 colligar-A

384 4073 463 4149 tur,
487 4069 524 4136 in
556 4061 691 4157 quibus
717 4059 840 4134 subito
862 4060 907 4131 ad
927 4059 1090 4132 surculos
1116 4063 1329 4145 increscunt
1367 4068 1403 4131 et
1426 4063 1465 4132 iu
1492 4083 1620 4136 venam
1650 4013 2078 4135 inosculant.t¹enan1m
2157 4054 2162 4068 Χ

240 4255 256 4308 ῃ
384 4225 421 4290 et
445 4222 658 4290 arteriarum
680 4213 850 4326 penicilli
867 4205 996 4308 parum
1023 4214 1117 4284 iuter
1146 4189 1393 4334 sedifferunt.
1432 4213 1621 4289 Ductuum
1642 4211 1870 4288 biliierorum
1897 4237 2083 4310 nunquam

384 4393 431 4440 ne
452 4367 641 4466 vestigium
666 4369 814 4463 quidem
840 4367 1041 4440 observavi.

551 4547 717 4622 Attamen
742 4550 781 4618 iu
807 4541 923 4642 figura
954 4541 1000 4624 ιε’
1018 4497 1154 4616 Ι(Ιιιοῑιιε
1172 4509 1352 4630 liniferae,
1380 4545 1501 4642 qureies
1518 4548 1716 4642 dispositos
1743 4569 1822 4620 esse
1848 4547 2003 4631 credidi.
2026 4548 2085 4620 tle·

292 4768 298 4778 ,
363 4665 498 4796 pinati.
549 4701 606 4772 Ex
630 4701 856 4773 eoinulorum
882 4699 1159 4794 perenchymate
1190 4721 1254 4770 ore
1285 4721 1357 4770 non
1386 4671 1737 4794 conspiciendonec
1763 4709 1862 4790 certo
1888 4655 1970 4774 illos
1997 4701 2082 4811 hau·

390 4853 499 4938 aissa,
524 4861 627 4948 puto.
677 4854 838 4926 Secretio
865 4853 946 4924 bilis
972 4865 1008 4926 et
1024 4851 1107 4926 bilis
1133 4847 1327 4928 intitules
1351 4855 1670 4968 consternantem
1693 4875 1867 4948 processu
1892 4851 2085 4948 perficiun-
