<?xml version="1.0" encoding="UTF-8"?>
<!DOCTYPE html PUBLIC "-//W3C//DTD XHTML 1.0 Transitional//EN"
    "http://www.w3.org/TR/xhtml1/DTD/xhtml1-transitional.dtd">
<html xmlns="http://www.w3.org/1999/xhtml" xml:lang="en" lang="en">
 <head>
  <title>
</title>
<meta http-equiv="Content-Type" content="text/html;charset=utf-8" />
  <meta name='ocr-system' content='tesseract 3.04.00' />
  <meta name='ocr-capabilities' content='ocr_page ocr_carea ocr_par ocr_line ocrx_word'/>
</head>
<body>
  <div class='ocr_page' id='page_1' title='image "./experimentacirc00kaltgoog_0096.png"; bbox 0 0 4838 6192; ppageno 0'>
   <div class='ocr_carea' id='block_1_1' title="bbox 1190 561 1238 631">
    <p class='ocr_par' dir='ltr' id='par_1_1' title="bbox 1190 561 1238 631">
     <span class='ocr_line' id='line_1_1' title="bbox 1190 561 1238 631; baseline -0.021 0"><span class='ocrx_word' id='word_1_1' title='bbox 1190 561 1238 631; x_wconf 77' lang='lat' dir='ltr'><strong>ts</strong></span> 
     </span>
    </p>
   </div>
   <div class='ocr_carea' id='block_1_2' title="bbox 275 747 2057 1614">
    <p class='ocr_par' dir='ltr' id='par_1_2' title="bbox 364 747 2057 979">
     <span class='ocr_line' id='line_1_2' title="bbox 364 747 2057 854; baseline 0.01 -34"><span class='ocrx_word' id='word_1_2' title='bbox 364 763 533 838; x_wconf 83' lang='lat' dir='ltr'><strong>mautur,</strong></span> <span class='ocrx_word' id='word_1_3' title='bbox 560 765 599 823; x_wconf 86' lang='lat' dir='ltr'><strong>ct</strong></span> <span class='ocrx_word' id='word_1_4' title='bbox 622 773 758 847; x_wconf 81' lang='lat' dir='ltr'><strong>magna</strong></span> <span class='ocrx_word' id='word_1_5' title='bbox 783 774 958 826; x_wconf 80' lang='lat' dir='ltr'><strong>vasorum</strong></span> <span class='ocrx_word' id='word_1_6' title='bbox 982 747 1218 852; x_wconf 79' lang='lat' dir='ltr'><strong>capillariam</strong></span> <span class='ocrx_word' id='word_1_7' title='bbox 1243 748 1368 854; x_wconf 78' lang='lat' dir='ltr'><strong>cepit,</strong></span> <span class='ocrx_word' id='word_1_8' title='bbox 1392 767 1475 828; x_wconf 85' lang='lat' dir='ltr'><strong>rete</strong></span> <span class='ocrx_word' id='word_1_9' title='bbox 1489 751 1703 830; x_wconf 82' lang='lat' dir='ltr'><strong>intricatum</strong></span> <span class='ocrx_word' id='word_1_10' title='bbox 1723 753 1976 852; x_wconf 73' lang='lat' dir='ltr'><strong>sumentium,</strong></span> <span class='ocrx_word' id='word_1_11' title='bbox 2002 763 2057 854; x_wconf 85' lang='lat' dir='ltr'><strong>ei·</strong></span> 
     </span>
     <span class='ocr_line' id='line_1_3' title="bbox 365 863 894 979; baseline 0.009 -5"><span class='ocrx_word' id='word_1_12' title='bbox 365 899 507 974; x_wconf 75' lang='lat' dir='ltr'>tissime</span> <span class='ocrx_word' id='word_1_13' title='bbox 531 899 600 974; x_wconf 85' lang='lat' dir='ltr'><strong>tuli</strong></span> <span class='ocrx_word' id='word_1_14' title='bbox 623 863 738 976; x_wconf 82' lang='lat' dir='ltr'><strong>ruodo</strong></span> <span class='ocrx_word' id='word_1_15' title='bbox 764 906 894 979; x_wconf 85' lang='lat' dir='ltr'><strong>oritur.</strong></span> 
     </span>
    </p>

    <p class='ocr_par' dir='ltr' id='par_1_3' title="bbox 275 1067 2053 1614">
     <span class='ocr_line' id='line_1_4' title="bbox 275 1067 2053 1186; baseline 0.008 -37"><span class='ocrx_word' id='word_1_16' title='bbox 275 1067 388 1160; x_wconf 61' lang='lat' dir='ltr'><strong>m.</strong></span> <span class='ocrx_word' id='word_1_17' title='bbox 528 1076 607 1151; x_wconf 86' lang='lat' dir='ltr'><strong>Sed</strong></span> <span class='ocrx_word' id='word_1_18' title='bbox 627 1080 745 1154; x_wconf 86' lang='lat' dir='ltr'><strong>&#39;etiam</strong></span> <span class='ocrx_word' id='word_1_19' title='bbox 771 1081 883 1154; x_wconf 87' lang='lat' dir='ltr'><strong>aliam</strong></span> <span class='ocrx_word' id='word_1_20' title='bbox 911 1083 1188 1186; x_wconf 79' lang='lat' dir='ltr'><strong>depositionem</strong></span> <span class='ocrx_word' id='word_1_21' title='bbox 1212 1082 1345 1156; x_wconf 80' lang='lat' dir='ltr'><strong>mironi</strong></span> <span class='ocrx_word' id='word_1_22' title='bbox 1371 1107 1418 1157; x_wconf 81' lang='lat' dir='ltr'><strong>ex</strong></span> <span class='ocrx_word' id='word_1_23' title='bbox 1437 1081 1536 1159; x_wconf 78' lang='lat' dir='ltr'><strong>vasis</strong></span> <span class='ocrx_word' id='word_1_24' title='bbox 1553 1083 1836 1184; x_wconf 77' lang='lat' dir='ltr'><strong>contingentem</strong></span> <span class='ocrx_word' id='word_1_25' title='bbox 1857 1089 2053 1184; x_wconf 77' lang='lat' dir='ltr'><strong>vidi3&#39;num</strong></span> 
     </span>
     <span class='ocr_line' id='line_1_5' title="bbox 362 1227 2051 1340; baseline 0.008 -40"><span class='ocrx_word' id='word_1_26' title='bbox 362 1227 506 1328; x_wconf 75' lang='lat' dir='ltr'><strong>globuli</strong></span> <span class='ocrx_word' id='word_1_27' title='bbox 529 1255 608 1304; x_wconf 91' lang='lat' dir='ltr'><strong>non</strong></span> <span class='ocrx_word' id='word_1_28' title='bbox 633 1232 789 1332; x_wconf 79' lang='lat' dir='ltr'><strong>singuli,</strong></span> <span class='ocrx_word' id='word_1_29' title='bbox 829 1234 899 1306; x_wconf 85' lang='lat' dir='ltr'><strong>sed</strong></span> <span class='ocrx_word' id='word_1_30' title='bbox 933 1236 1074 1338; x_wconf 87' lang='lat' dir='ltr'><strong>impetu</strong></span> <span class='ocrx_word' id='word_1_31' title='bbox 1104 1259 1243 1336; x_wconf 77' lang='lat' dir='ltr'><strong>magno</strong></span> <span class='ocrx_word' id='word_1_32' title='bbox 1277 1253 1317 1308; x_wconf 92' lang='lat' dir='ltr'><strong>et</strong></span> <span class='ocrx_word' id='word_1_33' title='bbox 1348 1235 1497 1334; x_wconf 79' lang='lat' dir='ltr'><strong>agmine</strong></span> <span class='ocrx_word' id='word_1_34' title='bbox 1530 1233 1704 1310; x_wconf 77' lang='lat' dir='ltr'><strong>conforto</strong></span> <span class='ocrx_word' id='word_1_35' title='bbox 1729 1241 1769 1309; x_wconf 91' lang='lat' dir='ltr'><strong>in</strong></span> <span class='ocrx_word' id='word_1_36' title='bbox 1793 1241 2051 1340; x_wconf 82' lang='lat' dir='ltr'><strong>parenchyma</strong></span> 
     </span>
     <span class='ocr_line' id='line_1_6' title="bbox 361 1349 2048 1490; baseline 0.007 -35"><span class='ocrx_word' id='word_1_37' title='bbox 361 1383 675 1484; x_wconf 78' lang='lat' dir='ltr'><strong>prorumpebant,</strong></span> <span class='ocrx_word' id='word_1_38' title='bbox 720 1349 1103 1485; x_wconf 73' lang='lat' dir='ltr'><strong>qnod&#39;inmdabant.</strong></span> <span class='ocrx_word' id='word_1_39' title='bbox 1153 1386 1313 1486; x_wconf 78' lang='lat' dir='ltr'><strong>Agmine</strong></span> <span class='ocrx_word' id='word_1_40' title='bbox 1338 1385 1534 1490; x_wconf 76' lang='lat' dir='ltr'><strong>deposito,</strong></span> <span class='ocrx_word' id='word_1_41' title='bbox 1580 1386 1774 1462; x_wconf 84' lang='lat' dir='ltr'><strong>effusionis</strong></span> <span class='ocrx_word' id='word_1_42' title='bbox 1799 1389 1888 1466; x_wconf 81' lang='lat' dir='ltr'><strong>fons&#39;</strong></span> <span class='ocrx_word' id='word_1_43' title='bbox 1913 1393 2048 1466; x_wconf 81' lang='lat' dir='ltr'><strong>iterum</strong></span> 
     </span>
     <span class='ocr_line' id='line_1_7' title="bbox 362 1531 1896 1614; baseline 0.011 -8"><span class='ocrx_word' id='word_1_44' title='bbox 362 1531 619 1614; x_wconf 76' lang='lat' dir='ltr'><strong>claudebatur.</strong></span> <span class='ocrx_word' id='word_1_45' title='bbox 1892 1547 1896 1552; x_wconf 73' lang='grc'><strong>’</strong></span> 
     </span>
    </p>
   </div>
   <div class='ocr_carea' id='block_1_3' title="bbox 273 1740 2054 1996">
    <p class='ocr_par' dir='ltr' id='par_1_4' title="bbox 273 1740 2054 1996">
     <span class='ocr_line' id='line_1_8' title="bbox 273 1740 2051 1845; baseline 0.001 -26"><span class='ocrx_word' id='word_1_46' title='bbox 273 1749 358 1819; x_wconf 77' lang='grc'><strong>335.</strong></span> <span class='ocrx_word' id='word_1_47' title='bbox 524 1740 680 1817; x_wconf 85' lang='lat' dir='ltr'><strong>Globuli</strong></span> <span class='ocrx_word' id='word_1_48' title='bbox 706 1746 874 1820; x_wconf 80' lang='lat' dir='ltr'><strong>evacuati</strong></span> <span class='ocrx_word' id='word_1_49' title='bbox 898 1769 978 1818; x_wconf 89' lang='lat' dir='ltr'><strong>non</strong></span> <span class='ocrx_word' id='word_1_50' title='bbox 1004 1745 1220 1845; x_wconf 87' lang='lat' dir='ltr'><strong>quiescunt,</strong></span> <span class='ocrx_word' id='word_1_51' title='bbox 1246 1743 1316 1818; x_wconf 85' lang='lat' dir='ltr'><strong>sed</strong></span> <span class='ocrx_word' id='word_1_52' title='bbox 1339 1761 1482 1816; x_wconf 90' lang='lat' dir='ltr'><strong>motum</strong></span> <span class='ocrx_word' id='word_1_53' title='bbox 1507 1741 1642 1817; x_wconf 82' lang='lat' dir='ltr'><strong>diffuse</strong></span> <span class='ocrx_word' id='word_1_54' title='bbox 1668 1745 1947 1819; x_wconf 83' lang='lat' dir='ltr'><strong>oscillatorium</strong></span> <span class='ocrx_word' id='word_1_55' title='bbox 1972 1771 2051 1820; x_wconf 86' lang='lat' dir='ltr'><strong>ser·</strong></span> 
     </span>
     <span class='ocr_line' id='line_1_9' title="bbox 361 1893 2054 1996; baseline 0.005 -32"><span class='ocrx_word' id='word_1_56' title='bbox 361 1906 462 1984; x_wconf 81' lang='lat' dir='ltr'><strong>tunt3</strong></span> <span class='ocrx_word' id='word_1_57' title='bbox 488 1907 579 1966; x_wconf 84' lang='lat' dir='ltr'><strong>tnnc</strong></span> <span class='ocrx_word' id='word_1_58' title='bbox 606 1893 669 1966; x_wconf 87' lang='lat' dir='ltr'><strong>ulii</strong></span> <span class='ocrx_word' id='word_1_59' title='bbox 693 1896 918 1994; x_wconf 82' lang='lat' dir='ltr'><strong>colliguntur</strong></span> <span class='ocrx_word' id='word_1_60' title='bbox 943 1913 982 1968; x_wconf 89' lang='lat' dir='ltr'><strong>et</strong></span> <span class='ocrx_word' id='word_1_61' title='bbox 1005 1897 1208 1970; x_wconf 74' lang='lat' dir='ltr'><strong>intitules</strong></span> <span class='ocrx_word' id='word_1_62' title='bbox 1229 1896 1390 1987; x_wconf 87' lang='lat' dir='ltr'><strong>abeunt,</strong></span> <span class='ocrx_word' id='word_1_63' title='bbox 1416 1897 1609 1996; x_wconf 84' lang='lat' dir='ltr'><strong>qni··iuter</strong></span> <span class='ocrx_word' id='word_1_64' title='bbox 1633 1920 1675 1967; x_wconf 86' lang='lat' dir='ltr'><strong>se</strong></span> <span class='ocrx_word' id='word_1_65' title='bbox 1693 1896 1917 1988; x_wconf 82' lang='lat' dir='ltr'><strong>inosculant,</strong></span> <span class='ocrx_word' id='word_1_66' title='bbox 1936 1909 1975 1972; x_wconf 83' lang='lat' dir='ltr'><strong>et</strong></span> <span class='ocrx_word' id='word_1_67' title='bbox 1992 1923 2054 1972; x_wconf 87' lang='lat' dir='ltr'><strong>re·</strong></span> 
     </span>
    </p>
   </div>
   <div class='ocr_carea' id='block_1_4' title="bbox 338 2043 2205 2152">
    <p class='ocr_par' dir='ltr' id='par_1_5' title="bbox 338 2043 2205 2152">
     <span class='ocr_line' id='line_1_10' title="bbox 338 2043 2205 2152; baseline 0.005 -37"><span class='ocrx_word' id='word_1_68' title='bbox 338 2043 390 2115; x_wconf 90' lang='lat' dir='ltr'><strong>·ti</strong></span> <span class='ocrx_word' id='word_1_69' title='bbox 414 2067 587 2119; x_wconf 81' lang='lat' dir='ltr'><strong>vesorum</strong></span> <span class='ocrx_word' id='word_1_70' title='bbox 610 2046 737 2120; x_wconf 79' lang='lat' dir='ltr'><strong>ricino</strong></span> <span class='ocrx_word' id='word_1_71' title='bbox 763 2047 1036 2143; x_wconf 77' lang='lat' dir='ltr'><strong>adnascuntur3</strong></span> <span class='ocrx_word' id='word_1_72' title='bbox 1062 2049 1127 2122; x_wconf 87' lang='lat' dir='ltr'><strong>alii</strong></span> <span class='ocrx_word' id='word_1_73' title='bbox 1151 2073 1243 2126; x_wconf 83' lang='lat' dir='ltr'><strong>tero</strong></span> <span class='ocrx_word' id='word_1_74' title='bbox 1268 2049 1410 2122; x_wconf 76' lang='lat' dir='ltr'><strong>sensim</strong></span> <span class='ocrx_word' id='word_1_75' title='bbox 1433 2045 1519 2120; x_wconf 74' lang='lat' dir='ltr'><strong>cum</strong></span> <span class='ocrx_word' id='word_1_76' title='bbox 1536 2047 1830 2148; x_wconf 82' lang='lat' dir='ltr'><strong>purencbymate</strong></span> <span class='ocrx_word' id='word_1_77' title='bbox 1858 2049 2053 2126; x_wconf 78' lang='lat' dir='ltr'><strong>confluunt</strong></span> <span class='ocrx_word' id='word_1_78' title='bbox 2199 2140 2205 2152; x_wconf 45' lang='lat'>‚</span> 
     </span>
    </p>
   </div>
   <div class='ocr_carea' id='block_1_5' title="bbox 359 2195 876 2310">
    <p class='ocr_par' dir='ltr' id='par_1_6' title="bbox 359 2195 876 2310">
     <span class='ocr_line' id='line_1_11' title="bbox 359 2195 876 2310; baseline 0.004 -43"><span class='ocrx_word' id='word_1_79' title='bbox 359 2209 399 2267; x_wconf 82' lang='lat' dir='ltr'><strong>et</strong></span> <span class='ocrx_word' id='word_1_80' title='bbox 422 2195 587 2310; x_wconf 66' lang='lat' dir='ltr'><strong>maculas</strong></span> <span class='ocrx_word' id='word_1_81' title='bbox 611 2195 785 2274; x_wconf 76' lang='lat' dir='ltr'><strong>formem.</strong></span> <span class='ocrx_word' id='word_1_82' title='bbox 871 2198 876 2202; x_wconf 65' lang='grc'><strong>’</strong></span> 
     </span>
    </p>
   </div>
   <div class='ocr_carea' id='block_1_6' title="bbox 270 2396 2053 2506">
    <p class='ocr_par' dir='ltr' id='par_1_7' title="bbox 270 2396 2053 2506">
     <span class='ocr_line' id='line_1_12' title="bbox 270 2396 2053 2506; baseline 0 -28"><span class='ocrx_word' id='word_1_83' title='bbox 270 2396 357 2480; x_wconf 74' lang='lat' dir='ltr'><strong>tte.</strong></span> <span class='ocrx_word' id='word_1_84' title='bbox 526 2401 796 2501; x_wconf 85' lang='lat' dir='ltr'><strong>Depositiones</strong></span> <span class='ocrx_word' id='word_1_85' title='bbox 821 2403 872 2478; x_wconf 83' lang='lat' dir='ltr'><strong>ad</strong></span> <span class='ocrx_word' id='word_1_86' title='bbox 899 2403 1155 2506; x_wconf 84' lang='lat' dir='ltr'><strong>superficiem,</strong></span> <span class='ocrx_word' id='word_1_87' title='bbox 1197 2429 1312 2504; x_wconf 81' lang='lat' dir='ltr'><strong>qnam</strong></span> <span class='ocrx_word' id='word_1_88' title='bbox 1335 2404 1449 2476; x_wconf 88' lang='lat' dir='ltr'><strong>etiam</strong></span> <span class='ocrx_word' id='word_1_89' title='bbox 1477 2402 1626 2504; x_wconf 85' lang='lat' dir='ltr'><strong>reliqna</strong></span> <span class='ocrx_word' id='word_1_90' title='bbox 1656 2430 1831 2479; x_wconf 82' lang='lat' dir='ltr'><strong>vasorum</strong></span> <span class='ocrx_word' id='word_1_91' title='bbox 1853 2403 2053 2479; x_wconf 82' lang='lat' dir='ltr'><strong>subtilissi-</strong></span> 
     </span>
    </p>
   </div>
   <div class='ocr_carea' id='block_1_7' title="bbox 354 2553 2105 3264">
    <p class='ocr_par' dir='ltr' id='par_1_8' title="bbox 354 2553 2105 3264">
     <span class='ocr_line' id='line_1_13' title="bbox 357 2553 2053 2657; baseline 0.004 -34"><span class='ocrx_word' id='word_1_92' title='bbox 357 2577 503 2626; x_wconf 88' lang='lat' dir='ltr'><strong>merum</strong></span> <span class='ocrx_word' id='word_1_93' title='bbox 526 2553 624 2624; x_wconf 89' lang='lat' dir='ltr'><strong>retia</strong></span> <span class='ocrx_word' id='word_1_94' title='bbox 650 2573 858 2656; x_wconf 88' lang='lat' dir='ltr'><strong>occupant,</strong></span> <span class='ocrx_word' id='word_1_95' title='bbox 885 2555 968 2628; x_wconf 79' lang='lat' dir='ltr'><strong>fieri</strong></span> <span class='ocrx_word' id='word_1_96' title='bbox 991 2574 1108 2657; x_wconf 87' lang='lat' dir='ltr'><strong>patet.</strong></span> <span class='ocrx_word' id='word_1_97' title='bbox 1160 2559 1267 2629; x_wconf 89' lang='lat' dir='ltr'><strong>Beue</strong></span> <span class='ocrx_word' id='word_1_98' title='bbox 1292 2573 1350 2630; x_wconf 84' lang='lat' dir='ltr'><strong>est</strong></span> <span class='ocrx_word' id='word_1_99' title='bbox 1375 2555 1601 2644; x_wconf 82' lang='lat' dir='ltr'><strong>carendum,</strong></span> <span class='ocrx_word' id='word_1_100' title='bbox 1623 2581 1676 2628; x_wconf 91' lang='lat' dir='ltr'><strong>ne</strong></span> <span class='ocrx_word' id='word_1_101' title='bbox 1701 2555 1854 2645; x_wconf 66' lang='lat' dir='ltr'><strong>salluis,</strong></span> <span class='ocrx_word' id='word_1_102' title='bbox 1880 2581 1952 2629; x_wconf 88' lang='lat' dir='ltr'><strong>nec</strong></span> <span class='ocrx_word' id='word_1_103' title='bbox 1972 2555 2053 2654; x_wconf 81' lang='lat' dir='ltr'><strong>glo-</strong></span> 
     </span>
     <span class='ocr_line' id='line_1_14' title="bbox 355 2703 2051 2808; baseline -0.001 -30"><span class='ocrx_word' id='word_1_104' title='bbox 355 2703 483 2798; x_wconf 87' lang='lat' dir='ltr'><strong>bulos,</strong></span> <span class='ocrx_word' id='word_1_105' title='bbox 515 2705 614 2781; x_wconf 86' lang='lat' dir='ltr'><strong>sorte</strong></span> <span class='ocrx_word' id='word_1_106' title='bbox 639 2707 779 2780; x_wconf 84' lang='lat' dir='ltr'><strong>alicubi</strong></span> <span class='ocrx_word' id='word_1_107' title='bbox 802 2705 941 2782; x_wconf 86' lang='lat' dir='ltr'><strong>effusos</strong></span> <span class='ocrx_word' id='word_1_108' title='bbox 977 2724 1015 2780; x_wconf 90' lang='lat' dir='ltr'><strong>et</strong></span> <span class='ocrx_word' id='word_1_109' title='bbox 1039 2709 1253 2807; x_wconf 78' lang='lat' dir='ltr'><strong>organismo</strong></span> <span class='ocrx_word' id='word_1_110' title='bbox 1279 2709 1442 2799; x_wconf 82' lang='lat' dir='ltr'><strong>alienos,</strong></span> <span class='ocrx_word' id='word_1_111' title='bbox 1481 2708 1599 2807; x_wconf 89' lang='lat' dir='ltr'><strong>quiin</strong></span> <span class='ocrx_word' id='word_1_112' title='bbox 1625 2706 1822 2808; x_wconf 84' lang='lat' dir='ltr'><strong>superficie</strong></span> <span class='ocrx_word' id='word_1_113' title='bbox 1848 2723 2051 2799; x_wconf 70' lang='lat' dir='ltr'><strong>versuum,</strong></span> 
     </span>
     <span class='ocr_line' id='line_1_15' title="bbox 354 2855 2052 2960; baseline 0.001 -32"><span class='ocrx_word' id='word_1_114' title='bbox 354 2855 442 2930; x_wconf 84' lang='lat' dir='ltr'><strong>illos</strong></span> <span class='ocrx_word' id='word_1_115' title='bbox 465 2856 607 2930; x_wconf 86' lang='lat' dir='ltr'><strong>babeas</strong></span> <span class='ocrx_word' id='word_1_116' title='bbox 641 2859 740 2932; x_wconf 82' lang='lat' dir='ltr'><strong>intra</strong></span> <span class='ocrx_word' id='word_1_117' title='bbox 781 2884 918 2960; x_wconf 87' lang='lat' dir='ltr'><strong>eorpus</strong></span> <span class='ocrx_word' id='word_1_118' title='bbox 944 2858 1148 2960; x_wconf 87' lang='lat' dir='ltr'><strong>depositos.</strong></span> <span class='ocrx_word' id='word_1_119' title='bbox 1206 2861 1298 2934; x_wconf 89' lang='lat' dir='ltr'><strong>Ideo</strong></span> <span class='ocrx_word' id='word_1_120' title='bbox 1324 2857 1542 2959; x_wconf 83' lang='lat' dir='ltr'><strong>superficies</strong></span> <span class='ocrx_word' id='word_1_121' title='bbox 1567 2857 1616 2930; x_wconf 88' lang='lat' dir='ltr'><strong>ab</strong></span> <span class='ocrx_word' id='word_1_122' title='bbox 1653 2857 1757 2928; x_wconf 89' lang='lat' dir='ltr'><strong>omni</strong></span> <span class='ocrx_word' id='word_1_123' title='bbox 1781 2857 1965 2956; x_wconf 85' lang='lat' dir='ltr'><strong>particula</strong></span> <span class='ocrx_word' id='word_1_124' title='bbox 1991 2883 2052 2930; x_wconf 87' lang='lat' dir='ltr'><strong>ex·</strong></span> 
     </span>
     <span class='ocr_line' id='line_1_16' title="bbox 354 3005 2105 3112; baseline 0.001 -32"><span class='ocrx_word' id='word_1_125' title='bbox 354 3026 465 3081; x_wconf 86' lang='lat' dir='ltr'><strong>terna</strong></span> <span class='ocrx_word' id='word_1_126' title='bbox 488 3020 639 3110; x_wconf 79' lang='lat' dir='ltr'><strong>semper</strong></span> <span class='ocrx_word' id='word_1_127' title='bbox 671 3007 772 3082; x_wconf 86' lang='lat' dir='ltr'><strong>bene</strong></span> <span class='ocrx_word' id='word_1_128' title='bbox 798 3011 1019 3112; x_wconf 86' lang='lat' dir='ltr'><strong>depuranda</strong></span> <span class='ocrx_word' id='word_1_129' title='bbox 1052 3029 1092 3085; x_wconf 86' lang='lat' dir='ltr'><strong>et</strong></span> <span class='ocrx_word' id='word_1_130' title='bbox 1117 3012 1244 3085; x_wconf 87' lang='lat' dir='ltr'><strong>denuo</strong></span> <span class='ocrx_word' id='word_1_131' title='bbox 1276 3009 1530 3109; x_wconf 79' lang='lat' dir='ltr'><strong>abstergenda</strong></span> <span class='ocrx_word' id='word_1_132' title='bbox 1554 3026 1633 3098; x_wconf 88' lang='lat' dir='ltr'><strong>est,</strong></span> <span class='ocrx_word' id='word_1_133' title='bbox 1676 3007 1710 3080; x_wconf 88' lang='lat' dir='ltr'><strong>si</strong></span> <span class='ocrx_word' id='word_1_134' title='bbox 1734 3007 1909 3106; x_wconf 85' lang='lat' dir='ltr'><strong>corporis</strong></span> <span class='ocrx_word' id='word_1_135' title='bbox 1935 3005 2051 3084; x_wconf 83' lang='lat' dir='ltr'><strong>alieni</strong></span> <span class='ocrx_word' id='word_1_136' title='bbox 2098 3035 2105 3061; x_wconf 76' lang='lat'>¹</span> 
     </span>
     <span class='ocr_line' id='line_1_17' title="bbox 355 3159 2049 3264; baseline -0.001 -30"><span class='ocrx_word' id='word_1_137' title='bbox 355 3161 522 3262; x_wconf 86' lang='lat' dir='ltr'><strong>suspicio</strong></span> <span class='ocrx_word' id='word_1_138' title='bbox 548 3161 668 3240; x_wconf 86' lang='lat' dir='ltr'><strong>adest.</strong></span> <span class='ocrx_word' id='word_1_139' title='bbox 733 3165 904 3264; x_wconf 84' lang='lat' dir='ltr'><strong>Corpora</strong></span> <span class='ocrx_word' id='word_1_140' title='bbox 927 3179 1081 3236; x_wconf 83' lang='lat' dir='ltr'><strong>externa</strong></span> <span class='ocrx_word' id='word_1_141' title='bbox 1104 3164 1219 3236; x_wconf 87' lang='lat' dir='ltr'><strong>etiam</strong></span> <span class='ocrx_word' id='word_1_142' title='bbox 1243 3179 1349 3237; x_wconf 87' lang='lat' dir='ltr'><strong>motu</strong></span> <span class='ocrx_word' id='word_1_143' title='bbox 1373 3186 1491 3261; x_wconf 77' lang='lat' dir='ltr'><strong>vago,</strong></span> <span class='ocrx_word' id='word_1_144' title='bbox 1527 3161 1700 3263; x_wconf 75' lang='lat' dir='ltr'><strong>physicis</strong></span> <span class='ocrx_word' id='word_1_145' title='bbox 1727 3159 1932 3234; x_wconf 75' lang='lat' dir='ltr'><strong>obediente</strong></span> <span class='ocrx_word' id='word_1_146' title='bbox 1955 3161 2049 3260; x_wconf 68' lang='lat' dir='ltr'><strong>legl-</strong></span> 
     </span>
    </p>
   </div>
   <div class='ocr_carea' id='block_1_8' title="bbox 352 3313 848 3414">
    <p class='ocr_par' dir='ltr' id='par_1_9' title="bbox 352 3313 848 3414">
     <span class='ocr_line' id='line_1_18' title="bbox 352 3313 848 3414; baseline 0.006 -27"><span class='ocrx_word' id='word_1_147' title='bbox 352 3313 443 3406; x_wconf 87' lang='lat' dir='ltr'><strong>bus,</strong></span> <span class='ocrx_word' id='word_1_148' title='bbox 471 3315 634 3414; x_wconf 76' lang='lat' dir='ltr'><strong>insignia</strong></span> <span class='ocrx_word' id='word_1_149' title='bbox 658 3331 758 3390; x_wconf 65' lang='lat' dir='ltr'><strong>sunt</strong></span> <span class='ocrx_word' id='word_1_150' title='bbox 843 3330 848 3341; x_wconf 92' lang='lat'><em>&#39;</em></span> 
     </span>
    </p>
   </div>
   <div class='ocr_carea' id='block_1_9' title="bbox 267 3515 2175 4078">
    <p class='ocr_par' dir='ltr' id='par_1_10' title="bbox 267 3515 2175 4078">
     <span class='ocr_line' id='line_1_19' title="bbox 267 3515 2175 3622; baseline -0.003 -30"><span class='ocrx_word' id='word_1_151' title='bbox 267 3543 352 3614; x_wconf 67' lang='lat'><strong>332,</strong></span> <span class='ocrx_word' id='word_1_152' title='bbox 517 3519 785 3622; x_wconf 83' lang='lat' dir='ltr'><strong>Depositiones</strong></span> <span class='ocrx_word' id='word_1_153' title='bbox 797 3571 810 3610; x_wconf 93' lang='lat'>‚</span> <span class='ocrx_word' id='word_1_154' title='bbox 860 3517 947 3590; x_wconf 89' lang='lat' dir='ltr'><strong>dum</strong></span> <span class='ocrx_word' id='word_1_155' title='bbox 973 3515 1204 3610; x_wconf 79' lang='lat' dir='ltr'><strong>formentur,</strong></span> <span class='ocrx_word' id='word_1_156' title='bbox 1240 3543 1328 3594; x_wconf 89' lang='lat' dir='ltr'><strong>raro</strong></span> <span class='ocrx_word' id='word_1_157' title='bbox 1353 3518 1657 3620; x_wconf 85' lang='lat' dir='ltr'><strong>conspiciuntur,</strong></span> <span class='ocrx_word' id='word_1_158' title='bbox 1698 3520 1739 3590; x_wconf 91' lang='lat' dir='ltr'><strong>iu</strong></span> <span class='ocrx_word' id='word_1_159' title='bbox 1762 3517 1919 3592; x_wconf 89' lang='lat' dir='ltr'><strong>minimo</strong></span> <span class='ocrx_word' id='word_1_160' title='bbox 1946 3518 2048 3590; x_wconf 88' lang='lat' dir='ltr'><strong>enim</strong></span> <span class='ocrx_word' id='word_1_161' title='bbox 2171 3555 2175 3562; x_wconf 93' lang='lat'><em>·</em></span> 
     </span>
     <span class='ocr_line' id='line_1_20' title="bbox 354 3624 2104 3778; baseline -0.002 -30"><span class='ocrx_word' id='word_1_162' title='bbox 354 3675 478 3778; x_wconf 88' lang='lat' dir='ltr'><strong>spatio</strong></span> <span class='ocrx_word' id='word_1_163' title='bbox 505 3691 545 3748; x_wconf 82' lang='lat' dir='ltr'><strong>et</strong></span> <span class='ocrx_word' id='word_1_164' title='bbox 570 3672 751 3748; x_wconf 86' lang='lat' dir='ltr'><strong>citissime</strong></span> <span class='ocrx_word' id='word_1_165' title='bbox 774 3624 1023 3771; x_wconf 70' lang='lat' dir='ltr'><strong>peragnnnu3</strong></span> <span class='ocrx_word' id='word_1_166' title='bbox 1060 3669 1322 3771; x_wconf 71' lang='lat' dir='ltr'><strong>depositiones</strong></span> <span class='ocrx_word' id='word_1_167' title='bbox 1357 3651 1459 3746; x_wconf 69' lang='lat' dir='ltr'><strong>¹vero</strong></span> <span class='ocrx_word' id='word_1_168' title='bbox 1496 3670 1679 3746; x_wconf 77' lang='lat' dir='ltr'><strong>formatae</strong></span> <span class='ocrx_word' id='word_1_169' title='bbox 1708 3669 1889 3744; x_wconf 79' lang='lat' dir='ltr'><strong>facillime</strong></span> <span class='ocrx_word' id='word_1_170' title='bbox 1914 3694 2048 3744; x_wconf 87' lang='lat' dir='ltr'><strong>occur·</strong></span> <span class='ocrx_word' id='word_1_171' title='bbox 2098 3707 2104 3716; x_wconf 91' lang='lat'>·</span> 
     </span>
     <span class='ocr_line' id='line_1_21' title="bbox 351 3803 2048 3927; baseline -0.004 -25"><span class='ocrx_word' id='word_1_172' title='bbox 351 3847 440 3902; x_wconf 90' lang='lat' dir='ltr'><strong>runt</strong></span> <span class='ocrx_word' id='word_1_173' title='bbox 452 3880 466 3918; x_wconf 89' lang='lat'><strong>,</strong></span> <span class='ocrx_word' id='word_1_174' title='bbox 489 3851 603 3927; x_wconf 80' lang='lat' dir='ltr'><strong>qutun</strong></span> <span class='ocrx_word' id='word_1_175' title='bbox 627 3821 931 3924; x_wconf 68' lang='lat' dir='ltr'><strong>frequentissime</strong></span> <span class='ocrx_word' id='word_1_176' title='bbox 957 3825 1145 3900; x_wconf 87' lang='lat' dir='ltr'><strong>accidunt.</strong></span> <span class='ocrx_word' id='word_1_177' title='bbox 1197 3825 1352 3900; x_wconf 85' lang='lat' dir='ltr'><strong>Leutiue</strong></span> <span class='ocrx_word' id='word_1_178' title='bbox 1375 3851 1444 3900; x_wconf 90' lang='lat' dir='ltr'><strong>seu</strong></span> <span class='ocrx_word' id='word_1_179' title='bbox 1469 3803 1582 3898; x_wconf 80' lang='lat' dir='ltr'><strong>citius</strong></span> <span class='ocrx_word' id='word_1_180' title='bbox 1609 3821 1752 3898; x_wconf 82' lang='lat' dir='ltr'><strong>effundi</strong></span> <span class='ocrx_word' id='word_1_181' title='bbox 1774 3839 1945 3922; x_wconf 74' lang='lat' dir='ltr'><strong>possum.</strong></span> <span class='ocrx_word' id='word_1_182' title='bbox 1980 3821 2048 3896; x_wconf 73' lang='lat' dir='ltr'><strong>tf·</strong></span> 
     </span>
     <span class='ocr_line' id='line_1_22' title="bbox 346 3931 2042 4078; baseline -0.006 -22"><span class='ocrx_word' id='word_1_183' title='bbox 346 3981 515 4056; x_wconf 79' lang='lat' dir='ltr'><strong>lusorum</strong></span> <span class='ocrx_word' id='word_1_184' title='bbox 527 4003 619 4054; x_wconf 83' lang='lat' dir='ltr'><strong>vero</strong></span> <span class='ocrx_word' id='word_1_185' title='bbox 636 3977 752 4078; x_wconf 88' lang='lat' dir='ltr'><strong>copia</strong></span> <span class='ocrx_word' id='word_1_186' title='bbox 766 3995 804 4050; x_wconf 90' lang='lat' dir='ltr'><strong>et</strong></span> <span class='ocrx_word' id='word_1_187' title='bbox 828 3977 1012 4078; x_wconf 83' lang='lat' dir='ltr'><strong>rapiditus</strong></span> <span class='ocrx_word' id='word_1_188' title='bbox 1032 3977 1083 4052; x_wconf 88' lang='lat' dir='ltr'><strong>ud</strong></span> <span class='ocrx_word' id='word_1_189' title='bbox 1099 3977 1236 4048; x_wconf 86' lang='lat' dir='ltr'><strong>mirum</strong></span> <span class='ocrx_word' id='word_1_190' title='bbox 1252 3977 1409 4076; x_wconf 59' lang='lat' dir='ltr'><strong>ffsdmu</strong></span> <span class='ocrx_word' id='word_1_191' title='bbox 1424 4001 1547 4075; x_wconf 88' lang='lat' dir='ltr'><strong>nsque</strong></span> <span class='ocrx_word' id='word_1_192' title='bbox 1567 3973 1725 4076; x_wconf 86' lang='lat' dir='ltr'><strong>perrebi</strong></span> <span class='ocrx_word' id='word_1_193' title='bbox 1745 3997 1861 4078; x_wconf 81' lang='lat' dir='ltr'><strong>pocae</strong></span> <span class='ocrx_word' id='word_1_194' title='bbox 1884 3931 2042 4051; x_wconf 74' lang='lat' dir='ltr'><strong>ridetur.</strong></span> 
     </span>
    </p>
   </div>
   <div class='ocr_carea' id='block_1_10' title="bbox 258 4129 2044 4732">
    <p class='ocr_par' dir='ltr' id='par_1_11' title="bbox 258 4129 2044 4732">
     <span class='ocr_line' id='line_1_23' title="bbox 258 4129 2043 4278; baseline -0.011 -22"><span class='ocrx_word' id='word_1_195' title='bbox 258 4208 343 4276; x_wconf 65' lang='lat'><strong>3⁸3,</strong></span> <span class='ocrx_word' id='word_1_196' title='bbox 507 4180 567 4251; x_wconf 89' lang='lat' dir='ltr'><strong>De</strong></span> <span class='ocrx_word' id='word_1_197' title='bbox 604 4195 738 4250; x_wconf 85' lang='lat' dir='ltr'><strong>natura</strong></span> <span class='ocrx_word' id='word_1_198' title='bbox 764 4171 965 4251; x_wconf 80' lang='lat' dir='ltr'><strong>effusorum</strong></span> <span class='ocrx_word' id='word_1_199' title='bbox 991 4129 1274 4278; x_wconf 62' lang='lat' dir='ltr'><strong>dispuisitioues</strong></span> <span class='ocrx_word' id='word_1_200' title='bbox 1324 4175 1524 4250; x_wconf 75' lang='lat' dir='ltr'><strong>ulteriores</strong></span> <span class='ocrx_word' id='word_1_201' title='bbox 1563 4173 1758 4249; x_wconf 86' lang='lat' dir='ltr'><strong>instituere</strong></span> <span class='ocrx_word' id='word_1_202' title='bbox 1798 4195 1876 4244; x_wconf 89' lang='lat' dir='ltr'><strong>nou</strong></span> <span class='ocrx_word' id='word_1_203' title='bbox 1923 4171 2043 4270; x_wconf 90' lang='lat' dir='ltr'><strong>potui.</strong></span> 
     </span>
     <span class='ocr_line' id='line_1_24' title="bbox 347 4316 2042 4436; baseline -0.006 -32"><span class='ocrx_word' id='word_1_204' title='bbox 347 4329 565 4433; x_wconf 72' lang='lat' dir='ltr'><strong>Quaeritur,</strong></span> <span class='ocrx_word' id='word_1_205' title='bbox 601 4352 651 4401; x_wconf 82' lang='lat' dir='ltr'><strong>uu</strong></span> <span class='ocrx_word' id='word_1_206' title='bbox 676 4325 819 4426; x_wconf 83' lang='lat' dir='ltr'><strong>globuli</strong></span> <span class='ocrx_word' id='word_1_207' title='bbox 862 4329 1059 4428; x_wconf 79' lang='lat' dir='ltr'><strong>sanguinei</strong></span> <span class='ocrx_word' id='word_1_208' title='bbox 1109 4329 1204 4402; x_wconf 87' lang='lat' dir='ltr'><strong>meri</strong></span> <span class='ocrx_word' id='word_1_209' title='bbox 1254 4316 1512 4418; x_wconf 70' lang='lat' dir='ltr'><strong>effundantur,</strong></span> <span class='ocrx_word' id='word_1_210' title='bbox 1562 4349 1611 4396; x_wconf 84' lang='lat' dir='ltr'><strong>un</strong></span> <span class='ocrx_word' id='word_1_211' title='bbox 1653 4323 1787 4436; x_wconf 81' lang='lat' dir='ltr'><strong>humor</strong></span> <span class='ocrx_word' id='word_1_212' title='bbox 1811 4319 1906 4396; x_wconf 82' lang='lat' dir='ltr'><strong>elius</strong></span> <span class='ocrx_word' id='word_1_213' title='bbox 1930 4319 2042 4394; x_wconf 83' lang='lat' dir='ltr'><strong>simul</strong></span> 
     </span>
     <span class='ocr_line' id='line_1_25' title="bbox 352 4443 2044 4594; baseline -0.008 -35"><span class='ocrx_word' id='word_1_214' title='bbox 352 4483 437 4559; x_wconf 72' lang='lat' dir='ltr'><strong>eum</strong></span> <span class='ocrx_word' id='word_1_215' title='bbox 464 4481 537 4559; x_wconf 87' lang='lat' dir='ltr'><strong>illis</strong></span> <span class='ocrx_word' id='word_1_216' title='bbox 562 4498 780 4594; x_wconf 80' lang='lat' dir='ltr'><strong>evucuetur,</strong></span> <span class='ocrx_word' id='word_1_217' title='bbox 804 4501 842 4556; x_wconf 88' lang='lat' dir='ltr'><strong>et</strong></span> <span class='ocrx_word' id='word_1_218' title='bbox 877 4501 950 4556; x_wconf 79' lang='lat' dir='ltr'><strong>cet</strong></span> <span class='ocrx_word' id='word_1_219' title='bbox 1002 4481 1172 4556; x_wconf 75' lang='lat' dir='ltr'><strong>Ceterum</strong></span> <span class='ocrx_word' id='word_1_220' title='bbox 1195 4443 1396 4556; x_wconf 82' lang='lat' dir='ltr'><strong>verisimile</strong></span> <span class='ocrx_word' id='word_1_221' title='bbox 1420 4497 1496 4571; x_wconf 87' lang='lat' dir='ltr'><strong>est,</strong></span> <span class='ocrx_word' id='word_1_222' title='bbox 1546 4473 1719 4577; x_wconf 84' lang='lat' dir='ltr'><strong>globulos</strong></span> <span class='ocrx_word' id='word_1_223' title='bbox 1743 4474 1935 4574; x_wconf 79' lang='lat' dir='ltr'><strong>sanguinis</strong></span> <span class='ocrx_word' id='word_1_224' title='bbox 1960 4473 2044 4574; x_wconf 87' lang='lat' dir='ltr'><strong>qui·</strong></span> 
     </span>
     <span class='ocr_line' id='line_1_26' title="bbox 348 4627 2034 4732; baseline -0.009 -21"><span class='ocrx_word' id='word_1_225' title='bbox 348 4637 435 4711; x_wconf 85' lang='lat' dir='ltr'><strong>dem</strong></span> <span class='ocrx_word' id='word_1_226' title='bbox 459 4631 929 4724; x_wconf 78' lang='lat' dir='ltr'><strong>evacuari,seda1norbo</strong></span> <span class='ocrx_word' id='word_1_227' title='bbox 951 4633 1027 4732; x_wconf 89' lang='lat' dir='ltr'><strong>jam</strong></span> <span class='ocrx_word' id='word_1_228' title='bbox 1043 4649 1203 4709; x_wconf 71' lang='lat' dir='ltr'><strong>mumtos</strong></span> <span class='ocrx_word' id='word_1_229' title='bbox 1229 4657 1330 4726; x_wconf 85' lang='lat' dir='ltr'><strong>esse,</strong></span> <span class='ocrx_word' id='word_1_230' title='bbox 1356 4649 1396 4706; x_wconf 88' lang='lat' dir='ltr'><strong>et</strong></span> <span class='ocrx_word' id='word_1_231' title='bbox 1408 4631 1547 4706; x_wconf 80' lang='lat' dir='ltr'><strong>effusos</strong></span> <span class='ocrx_word' id='word_1_232' title='bbox 1573 4627 1895 4727; x_wconf 73' lang='lat' dir='ltr'><strong>metamor-phones</strong></span> <span class='ocrx_word' id='word_1_233' title='bbox 1919 4649 2034 4728; x_wconf 90' lang='lat' dir='ltr'><strong>prop·</strong></span> 
     </span>
    </p>
   </div>
   <div class='ocr_carea' id='block_1_11' title="bbox 191 4781 614 4864">
    <p class='ocr_par' dir='ltr' id='par_1_12' title="bbox 191 4781 614 4864">
     <span class='ocr_line' id='line_1_27' title="bbox 191 4781 614 4864; baseline 0.005 -4"><span class='ocrx_word' id='word_1_234' title='bbox 191 4785 199 4798; x_wconf 91' lang='lat'>&#39;</span> <span class='ocrx_word' id='word_1_235' title='bbox 344 4789 426 4864; x_wconf 82' lang='lat' dir='ltr'><strong>ries</strong></span> <span class='ocrx_word' id='word_1_236' title='bbox 460 4781 614 4864; x_wconf 53' lang='lat' dir='ltr'><strong>subires</strong></span> 
     </span>
    </p>
   </div>
   <div class='ocr_carea' id='block_1_12' title="bbox 0 0 2424 6192">
    <p class='ocr_par' dir='ltr' id='par_1_13' title="bbox 0 0 2424 6192">
     <span class='ocr_line' id='line_1_28' title="bbox 0 0 2424 6192; baseline 0 8"><span class='ocrx_word' id='word_1_237' title='bbox 0 0 2424 6192; x_wconf 95' lang='lat' dir='ltr'><strong> </strong></span> 
     </span>
    </p>
   </div>
  </div>
 </body>
</html>
