4848 6194
1185 555 1232 620 et

361 737 567 814 iuterrullis
592 737 772 840 sejuncti,
798 761 900 815 nune
927 737 1174 842 aequabiliter
1197 767 1268 845 per
1283 741 1435 820 canales
1461 731 1549 823 eunt
1574 747 1777 832 distributi.
1802 752 1970 830 Parietes
1994 779 2059 832 ra·

360 921 490 970 sorum
514 896 616 970 circa
640 893 780 968 undem
803 894 955 997 plenam
979 897 1079 970 tensi
1104 913 1210 992 sunt,
1236 923 1308 972 nec
1342 925 1424 974 non
1449 901 1660 1004 constringi
1691 924 1871 1007 pessunt,
1907 925 1945 982 et
1979 910 2057 984 siu·

116 1145 122 1156 ,
255 1041 260 1047 ’
357 1051 453 1152 gulis
476 1049 574 1126 locis
597 1049 725 1122 lumen
749 1050 868 1176 rasis,
896 1053 1005 1152 quasi
1028 1052 1189 1152 ligatura
1214 1049 1375 1154 injecta,
1400 1051 1490 1128 inde
1516 1075 1749 1133 coarctatum
1772 1059 1863 1136 ridi.
1899 1060 2055 1137 Globuli

354 1199 553 1304 sanguinei
576 1203 674 1302 ipsi,
698 1203 797 1276 iuter
823 1227 865 1278 se
891 1205 1211 1309 appropinquari,
1245 1232 1370 1282 serum
1402 1205 1653 1308 pellucidum,
1686 1235 1762 1312 quo
1795 1229 1882 1286 suut
1916 1215 2056 1308 cincti,

355 1335 608 1440 cousurnsisse
635 1375 673 1432 et
696 1355 807 1432 simul
836 1353 1025 1434 volumine
1059 1377 1098 1436 et
1126 1359 1267 1437 coloris
1282 1361 1387 1436 rubri
1401 1361 1617 1437 intensitate
1635 1361 1840 1441 increvisse
1865 1367 2052 1444 ridentur.

353 1513 611 1618 Parencbyrna
633 1527 772 1612 turget.

181 1771 183 1782 ¹
267 1679 351 1770 161.
517 1695 560 1795 2)
586 1691 798 1768 affectione
822 1694 977 1771 ulterius
1001 1721 1223 1802 progressa,
1250 1697 1412 1776 stadium
1445 1699 1669 1776 incrementi
1701 1699 1910 1792 inducitur,
1944 1698 2050 1802 quod

353 1851 395 1946 e>
419 1852 460 1923 iu
485 1847 687 1924 affectione
712 1847 842 1948 topica
867 1854 1042 1954 sequenti
1064 1852 1181 1930 modo
1206 1855 1408 1959 perlinitur
1433 1854 1533 1932 Vide
1557 1853 1635 1956 Fig.
1662 1870 1723 1934 at.

388 2133 391 2142 .
516 2029 648 2105 Motus
673 2029 865 2128 sanguinis
889 2031 1045 2132 rapidus
1067 2032 1194 2108 subito
1227 2033 1453 2134 infrangitur
1486 2049 1525 2109 et
1554 2031 1785 2125 retardatur,
1818 2031 1923 2106 uude
1955 2055 2046 2107 rero

293 2213 295 2220 ’
348 2186 464 2290 plena
484 2199 629 2286 perstat
654 2200 693 2258 et
718 2183 934 2259 distributio
959 2187 1153 2287 sanguinis
1178 2187 1347 2290 aequalis
1373 2205 1442 2264 est.
1468 2191 1655 2264 Vesorum
1668 2187 1845 2290 parietes,
1870 2184 2047 2262 tensione

347 2339 524 2430 remissa,
550 2336 598 2410 ab
627 2336 731 2414 unda
753 2335 869 2438 plena
894 2363 941 2412 en
966 2340 1086 2440 magis
1112 2337 1330 2426 dilatantur.
1354 2338 1510 2416 Globuli
1535 2341 1750 2444 sanguinei,
1784 2357 1890 2415 motu
1923 2337 2047 2414 immi·
2142 2435 2145 2445 Ι

346 2510 462 2585 nuto,
486 2491 605 2592 magis
630 2492 825 2592 magisque
850 2493 950 2578 inter
974 2517 1016 2568 se
1041 2493 1367 2594 conglutinantur,
1394 2519 1520 2569 serum
1541 2509 1828 2586 consummant,
1853 2465 2046 2568 volumine

346 2645 551 2740 accolere,
578 2647 645 2748 qui
670 2673 715 2719 ex
737 2645 838 2722 laete
861 2645 977 2725 rubro
1003 2647 1044 2720 in
1068 2671 1298 2750 purpureum
1324 2647 1414 2742 abit,
1439 2667 1633 2752 augentur,
1660 2665 1698 2723 et
1718 2645 1829 2722 simul
1853 2645 2042 2746 margines

344 2800 650 2904 circumscriptos
675 2799 869 2900 deponere
895 2801 1095 2904 incipiunt.
1121 2803 1377 2903 Parenchyma
1400 2803 1518 2902 magis
1544 2819 1679 2902 tinget.

255 2979 337 3064 162.
509 2983 618 3082 t>1u
654 2981 856 3058 effectione
888 2978 993 3080 plus,
1027 2979 1152 3056 minus
1178 3005 1362 3085 expansa,
1389 2981 1483 3078 (virt
1508 2980 1614 3082 ligur.
1642 2981 1709 3076 28)
1734 2997 1858 3054 motus
1895 2979 2042 3054 accele-

339 3156 443 3214 ratus
468 3162 549 3210 nou
574 3137 751 3230 remittit,
778 3135 855 3208 imo
881 3153 1048 3234 augetur.
1075 3133 1187 3208 Unda
1211 3161 1302 3210 rero
1336 3136 1461 3209 minor
1494 3133 1557 3229 lit,
1594 3133 1809 3210 distributio
1845 3133 2042 3232 sauguinis

340 3290 550 3393 aequabilis
578 3307 647 3367 ast.
697 3293 887 3368 Vesorum
911 3289 1093 3389 parietes,
1116 3286 1208 3363 licet
1232 3289 1280 3363 ub
1305 3289 1409 3364 unda
1431 3290 1491 3365 rix
1516 3288 1676 3391 amplius
1701 3288 1774 3361 rite
1798 3285 2038 3389 expleantur,

339 3443 485 3520 dilatati
509 3461 676 3519 manent.
729 3407 884 3519 Globuli
908 3442 1232 3543 metamorphoses
1264 3441 1438 3544 proprias
1465 3439 1592 3516 subire
1618 3439 1804 3532 ridentur,
1831 3462 1929 3538 quae
1954 3463 2036 3512 uon
2144 3425 2148 3435 Κ

337 3625 361 3674 a
386 3615 509 3675 motus
534 3595 763 3687 mutatione,
788 3598 856 3670 sed
880 3621 904 3670 a
927 3594 1061 3671 morbo
1093 3593 1283 3698 pendent,
1318 3609 1359 3667 et
1382 3611 1481 3694 quae
1500 3593 1659 3698 maxime
1690 3589 1917 3666 multifariae
1951 3615 2037 3668 esse
2137 3553 2144 3560 .

334 3751 533 3846 ridentur,
559 3749 715 3850 cognitu
740 3767 828 3824 snut
859 3747 1123 3840 difficillimae,
1158 3745 1391 3851 explicandis
1419 3771 1511 3824 rero
1543 3747 1697 3849 penitus
1729 3769 1809 3821 non
1840 3769 1911 3848 per
1936 3769 2030 3822 eum.

334 3907 592 4008 Parenchyrna
615 3887 744 4008 potius
768 3921 914 3998 tumet,
941 3930 1055 4006 quam
1078 3919 1213 4002 turget.

248 4082 329 4164 163·
410 4111 414 4118 ·
501 4087 542 4185 s)
568 4085 741 4162 Stadium
763 4083 1084 4189 perturbationis,
1109 4085 1152 4176 α)
1178 4080 1219 4155 in
1244 4079 1447 4158 effectione
1471 4079 1613 4190 topica.
1639 4075 1682 4154 V.
1707 4079 1789 4180 rig.
1813 4097 1876 4181 29.

496 4241 622 4314 Motus
647 4237 853 4342 sauguinis,
877 4205 1001 4340 primo
1025 4237 1067 4312 in
1091 4237 1191 4314 rasis
1218 4213 1480 4340 capillaribus,
1504 4249 1584 4308 tum
1610 4233 1652 4307 in
1676 4232 1782 4308 renis
1806 4233 1926 4334 magis
1950 4255 2030 4308 ma·

321 4395 465 4498 ‘gisque
489 4393 730 4487 retardatus,
754 4391 909 4467 tandm
940 4388 1204 4496 pertrabatur,
1239 4406 1277 4464 et
1309 4387 1520 4492 inaequalis
1540 4361 1605 4463 lit.
1663 4389 1712 4468 Iu
1733 4387 1881 4461 mariis
1907 4411 1999 4465 rero
2011 4441 2026 4482 ,

327 4549 444 4650 etiarn
468 4545 657 4641 minimis,
683 4563 806 4624 motus
826 4563 905 4623 tam
936 4546 1136 4646 insiguiter
1166 4571 1359 4647 uunquam
1393 4541 1625 4635 retardatur,
1657 4540 1726 4619 sed
1758 4541 1862 4616 uudn
1897 4542 2024 4619 minor

303 4704 386 4790 lit.
413 4719 453 4778 et
473 4700 646 4806 pulsibus
677 4700 973 4806 interrumpitur.
1027 4701 1072 4774 ln
1103 4665 1295 4802 prioribus
1329 4696 1433 4772 uude
1469 4694 1583 4798 plena
1607 4683 1751 4801 perstat
1776 4713 1815 4770 et
1846 4655 2020 4788 candes,

326 4857 504 4936 tensione
525 4854 628 4934 omni
652 4858 843 4962 priratos,
876 4853 1039 4934 infercit.
1066 4850 1314 4932 Globuloruur
1339 4851 1556 4927 distributio
1574 4847 1783 4950 aequabilis
1797 4847 1907 4924 simul
1933 4871 2019 4924 cunr
