4800 6194
1250 535 1299 620 64

295 793 299 803 ·
400 757 572 817 *eventu
597 740 811 834 sustulisse,
849 741 1019 816 eredidit.
1072 741 1151 817 Sed
1176 765 1304 840 aunon
1336 739 1468 814 turbae
1501 741 1652 844 pejores
1686 725 1826 847 primas
1860 767 1949 852 post
1981 751 2141 854 aliquot·

432 911 581 1000 tempus
597 881 747 1000 saepius
767 911 918 972 secutae
945 895 1031 992 sint,
1057 898 1287 972 mentionem
1312 921 1392 970 non
1416 893 1520 991 facit,
1546 923 1618 974 nee
1645 897 1872 988 observavit,

1148 1111 1152 1120 “
1170 1121 1380 1136 -ο--ι
1427 1119 1431 1128 ’

643 1293 719 1380 De
747 1294 883 1376 statu
912 1285 1178 1408 sauguinis
1216 1293 1264 1376 et
1292 1313 1527 1382 vasorum
1553 1297 1665 1404 post
1677 1339 1681 1350 ·
1694 1296 1913 1384 mortem.

332 1464 430 1570 Ι251.
598 1489 851 1584 Funetionum
876 1503 914 1558 et
939 1511 1165 1585 organorum
1190 1484 1372 1560 affinitate
1407 1505 1446 1562 et
1478 1515 1655 1566 connexu
1675 1493 1773 1566 miro
1806 1490 1974 1582 sublato,
2021 1516 2123 1566 mors

432 1644 620 1724 individui
656 1645 770 1716 intrat
777 1669 789 1737 3
836 1640 1040 1740 organismi
1074 1665 1163 1732 vero
1198 1639 1311 1712 morti
1348 1641 1577 1741 singulorum
1614 1669 1842 1744 organorum
1866 1645 1943 1722 vita
1968 1645 2124 1746 propria

430 1800 546 1899 longe
573 1814 762 1900 superstes
789 1812 863 1886 est,
898 1811 935 1866 et
960 1817 1117 1892 organa,
1145 1793 1254 1894 quasi
1276 1792 1430 1886 isolata,
1453 1793 1669 1872 functiones
1694 1823 1780 1898 suas
1803 1823 1921 1899 porro
1948 1812 2123 1870 exercere

259 1971 264 1978 '
371 2045 374 2074 Ι
432 1971 631 2030 conantur.
704 1919 787 2026 Hoe
812 1948 928 2050 modo
956 1947 1149 2047 sanguinis
1175 1945 1318 2047 globuli
1340 1966 1482 2024 motum
1509 1952 1696 2046 innatum,
1740 1950 2123 2050 circulatione'gene·

430 2109 502 2184 nali
529 2103 694 2200 sublata,
728 2129 808 2178 non
845 2093 922 2178 aito
947 2105 1130 2203 perdunt,
1167 2126 1240 2175 nee
1266 2126 1333 2174 eur
1358 2103 1433 2178 vim
1461 2103 1695 2204 pulsantem,
1734 2129 1806 2179 nec
1841 2101 1998 2178 musculi
2033 2127 2125 2174 cou-

429 2217 709 2354 traetilit'atem,
736 2283 808 2333 nee
833 2257 941 2332 uerri
963 2219 1249 2332 sensibilitatem
1274 2253 1401 2329 statim
1426 2275 1586 2355 exuuut3
1612 2259 1682 2335 sed
1707 2274 1877 2349 servant,
1913 2254 2037 2328 donee
2063 2277 2123 2326 or·

429 2443 528 2518 gana
550 2417 653 2518 ipsa,
681 2409 955 2486 ‘dissolutionis
980 2435 1164 2512 praeessu
1188 2410 1319 2485 invasa
1334 2467 1346 2504 ‚
1391 2433 1476 2482 eum
1500 2409 1646 2486 fabrice
1680 2409 1856 2514 propria,
1900 2432 1973 2523 nee
2006 2406 2124 2508 prius,

432 2570 546 2643 etiam
567 2565 826 2642 functionibus
853 2565 1048 2666 prirentur
1071 2529 1247 2668 propriis.
1306 2566 1388 2637 Imo
1422 2587 1648 2662 organorum
1672 2563 1749 2638 rita
1774 2578 1812 2636 et
1837 2560 1981 2670 functio
2007 2583 2123 2657 pecu·

428 2722 534 2796 liaris
561 2721 697 2796 eodem
723 2719 841 2821 gradu
873 2717 1042 2792 imminui
1074 2716 1248 2808 videtur,
1290 2743 1336 2792 ae
1369 2717 1518 2793 illorum
1549 2717 1695 2792 fabrica
1728 2715 1868 2788 sensim
1907 2712 2122 2788 destruitur.

426 2877 517 2954 Vita
544 2891 583 2950 et
605 2875 1006 2977 fun'etiogorganorum
1031 2869 1209 2972 propriae
1226 2867 1339 2968 igitur
1359 2895 1444 2946 eum
1468 2869 1637 2946 fabricae
1660 2868 1874 2968 integritate
1900 2866 2032 2942 intima
2058 2891 2123 2941 eo·

425 3032 586 3106 haerere
610 3029 794 3106 ridentur.
821 3027 948 3101 Status
974 3023 1167 3124 sanguinis
1192 3040 1283 3124 post
1307 3041 1467 3100 mortem
1491 3023 1585 3098 mihi
1610 3049 1710 3098 nune
1734 3021 2032 3098 considerandus
2053 3040 2121 3098 est.

336 3223 422 3291 252.
589 3211 672 3284 Jam
679 3203 894 3279 Reiebelius
907 3227 1084 3276 ranarum
1097 3203 1137 3276 in
1149 3201 1378 3298 meseuterio
1390 3219 1535 3283 motum
1550 3203 1742 3303 sanguinis
1756 3205 1869 3278 morti
1879 3207 2120 3312 superstitem

296 3374 300 3380 ’
426 3363 531 3456 vidit,
559 3387 673 3462 quern
697 3384 738 3434 se
764 3354 996 3446 observasse,
1029 3353 1142 3428 etiam
1166 3353 1340 3430 Hellerus
1366 3372 1406 3430 et
1426 3353 1711 3456 Spallnnnanius
1738 3357 1983 3432 contendunt
2010 3357 2119 3468 Wils.

423 3515 624 3616 Philipsius
648 3511 762 3586 talem
785 3525 928 3598 motum
953 3507 994 3580 in
1018 3507 1246 3581 mesenterio
1274 3507 1442 3584 cuniculi
1472 3509 1622 3584 enecati
1645 3509 1751 3601 vidit,
1777 3510 1840 3584 eui
1864 3511 2118 3586 Thomsonius

425 3687 462 3741 et
495 3666 731 3765 Hastingsius
764 3662 984 3738 assentiunt.
1046 3661 1125 3736 Sed
1159 3661 1354 3760 sanguinis
1387 3677 1531 3736 motum
1571 3679 1660 3764 post
1691 3681 1850 3738 mortem
1881 3691 1952 3768 pro
1987 3667 2118 3742 mortis

425 3819 647 3896 conditione
672 3817 781 3894 valde
807 3813 1062 3888 modificatum
1087 3838 1170 3888 esse
1201 3813 1339 3886 inveni.

333 4019 419 4105 2535
588 3999 631 4070 Aa
657 3997 783 4070 Status
801 3993 994 4093 sanguinis
1015 3993 1054 4065 in
1081 3993 1316 4088 animalibus,
1342 3993 1420 4069 ictu
1447 3994 1646 4073 subitaneo
1674 3999 1841 4074 enecatis
1870 3997 2054 4097 (muribus
2081 4019 2120 4077 et

235 4185 243 4224 r
421 4147 556 4252 ranis).
610 4147 745 4223 Cordis
768 4139 910 4248 pulsis,
934 4146 1088 4220 animali
1109 4164 1280 4240 mortuo,
1305 4147 1412 4226 brari
1435 4163 1607 4252 tempore
1635 4151 1757 4226 adhue
1782 4151 2022 4253 perstabant,
2048 4153 2117 4228 sed

419 4304 539 4404 magis
564 4303 758 4404 magisque
785 4299 1003 4402 inaequales
1043 4316 1080 4374 et
1102 4299 1247 4375 debiles
1273 4301 1413 4377 sensim
1434 4304 1756 4403 extinguebantur.
1786 4361 1789 4368 .

589 4485 633 4554 ln
657 4480 884 4554 mesenterio
909 4497 1125 4581 protracto,
1158 4479 1337 4581 quamdiu
1363 4460 1431 4555 eor
1454 4483 1655 4584 pulsabat,
1682 4511 1732 4557 ne
1756 4484 1939 4586 majorum
1965 4487 2118 4588 quidem

424 4661 598 4714 rasorum
625 4650 749 4709 motus
782 4631 1021 4734 pernrrbatus
1054 4651 1152 4721 erat,
1196 4635 1266 4709 sed
1288 4634 1389 4710 bene
1421 4636 1597 4737 profecit
1652 4638 1785 4714 Cordis
1819 4631 1909 4715 r'ero
1947 4637 2119 4743 pulsibus

426 4789 566 4866 sensim
589 4785 772 4874 inlraetis,
802 4789 934 4864 turbae
960 4791 1126 4890 insignes
1153 4792 1265 4865 etiam
1289 4790 1340 4866 ad
1363 4791 1527 4892 majores
1548 4785 1857 4896 propagabantur
1882 4793 2051 4888 arterias,
2078 4795 2120 4870 in
