4838 6192
1159 561 1306 624 tt·

181 843 187 855 .
329 748 462 824 forsan
484 773 530 824 ex
556 747 794 848 globulorum
817 746 964 825 nucleis
984 746 1215 822 tumentibus
1234 745 1473 846 formantur.)
1532 743 1687 820 Globuli
1708 745 1751 818 in
1767 768 1868 845 aqua
1886 745 2025 846 partim

331 903 490 978 dissolri
512 903 704 996 videntur,
728 902 868 1004 partim
887 904 988 976 inter
1007 927 1050 977 sc
1071 902 1177 1004 ipsos
1199 899 1406 978 confluunt.
1455 902 1564 974 Patet
1583 923 1694 993 sero,
1721 895 1770 972 de
1789 896 2026 999 globulorum

331 1075 488 1154 natura,
511 1057 546 1134 si
572 1083 658 1132 cum
680 1081 782 1156 aqua
802 1055 1013 1148 diluuntur,
1035 1055 1219 1155 judicium
1238 1053 1332 1130 len-i
1350 1080 1430 1129 non
1452 1073 1580 1157 posse.

240 1229 329 1297 ata.
496 1223 539 1328 c)
566 1225 767 1326 Sanguinis
781 1221 1107 1325 metamorphoses
1124 1225 1223 1297 intra
1240 1224 1404 1298 canales.

494 1393 728 1494 Sanguinem
752 1391 1000 1468 circulantem
1029 1391 1257 1494 multiplices
1280 1392 1421 1468 indolis
1443 1391 1787 1493 metamorphoses,
1819 1413 1918 1491 quac
1946 1413 2025 1462 ms·

328 1546 422 1622 xini
446 1563 534 1620 sunt
560 1548 761 1644 momenti,
787 1531 993 1626 in'morbis
1018 1549 1166 1643 subire,
1200 1564 1371 1642 constat3
1396 1547 1466 1622 sed
1493 1545 1737 1621 difficillimae
1762 1561 1850 1616 sunt
1870 1543 2025 1642 cognitu

330 1715 370 1773 et
395 1699 606 1802 descripta,
633 1702 710 1795 ita,
736 1721 781 1776 ut
795 1729 920 1805 panca
940 1703 1180 1779 solummodo
1199 1701 1248 1794 dc
1267 1699 1340 1774 illis
1365 1701 1516 1774 tradere
1535 1699 1693 1802 possim.
1746 1695 2027 1797 lllctamorpho·

329 1877 391 1928 ses
416 1870 576 1928 cunctae
602 1853 783 1957 dupplice
802 1881 943 1958 genere
966 1875 1076 1931 sunt:
1109 1859 1149 1951 a)
1181 1855 1523 1956 metamorphoses,
1560 1879 1658 1955 quac
1685 1870 1812 1926 motus
1832 1849 2028 1924 concomi-

327 2025 456 2084 tantur
483 2009 734 2104 variationes,
765 2009 810 2110 b)
832 2011 1159 2112 metamorphoses
1182 2008 1341 2101 indolis,
1367 2010 1461 2109 quin
1483 2025 1607 2084 motus
1630 2005 1802 2129 conditio
1832 2001 2024 2076 attribuat.

237 2193 328 2278 ²²9·
495 2177 699 2277 Sanguinis
725 2176 869 2278 globuli
898 2205 980 2252 non
1003 2177 1134 2270 aliter,
1168 2203 1214 2252 ac
1244 2193 1349 2254 motu
1367 2195 1580 2280 perstante,
1613 2173 1913 2250 individualitate
1940 2195 2030 2271 gan·
2103 2163 2109 2176 ’

331 2326 434 2422 deut,
464 2354 578 2429 quam
598 2329 711 2404 simul
733 2357 820 2407 cum
846 2347 953 2406 motu
975 2330 1140 2404 inii-acto
1164 2327 1388 2430 deperdunt.
1425 2331 1525 2402 Dum
1542 2347 1669 2404 motus
1688 2325 1878 2418 lentescit,
1903 2323 2029 2425 primo

331 2484 523 2560 volumine
547 2485 677 2585 augeri
704 2501 744 2559 ct
765 2479 978 2557 mbriorcm
1003 2482 1174 2558 colorem
1197 2483 1357 2558 inducre
1383 2483 1570 2560 videntur.
1628 2489 1727 2558 '1¹mn
1753 2483 1853 2554 inter
1873 2503 1916 2552 se
1941 2501 2029 2550 sen·

325 2639 398 2713 sim
420 2636 717 2736 agglutinantur3
742 2653 849 2710 motu
870 2633 1054 2729 cohibito,
1079 2661 1243 2710 massam
1259 2637 1424 2731 rubram,
1449 2637 1657 2738 aequalem,
1684 2652 1745 2710 sat
1767 2629 2025 2731 cbcmsctip·

325 2809 421 2882 tam,
455 2789 498 2862 in
534 2815 610 2889 qua
637 2789 875 2889 globulorum
903 2789 1138 2888 singulorum
1166 2813 1216 2861 ne
1248 2791 1448 2888 vestigium
1474 2789 1630 2890 quidem
1657 2805 1794 2878 restat,
1829 2781 2040 2859 exhibent·

245 2939 252 2950 ’
326 2945 437 3018 Motu
462 2941 588 3016 denno
619 2941 814 3034 restituto,
848 2939 975 3016 subito
1007 2965 1053 3016 er
1077 2964 1202 3015 massa
1228 2938 1382 3017 informi
1405 2941 1548 3041 globuli
1570 2943 1712 3046 iterum
1737 2954 1951 3037 emergtmt,
1988 2952 2028 3008 et

325 3095 403 3170 oito
428 3095 627 3198 pristim
654 3093 1010 3187 individualitatem3
1035 3092 1272 3193 formamque
1295 3095 1615 3198 circumscriptum
1638 3109 1877 3198 recuperant.
1931 3087 2025 3164 Glo-

322 3246 499 3321 bulorum
529 3249 644 3347 igitur
671 3248 952 3326 individualitas
980 3248 1133 3349 penitus
1162 3272 1185 3320 a
1210 3265 1317 3320 motu
1337 3249 1502 3348 pendet,
1526 3277 1642 3351 quum
1668 3265 1776 3324 motu
1803 3244 2024 3336 deficiente,

321 3399 423 3472 inter
447 3425 490 3474 se
512 3401 770 3500 agglutinant,
801 3417 908 3474 motu
930 3424 1022 3472 tero
1047 3400 1182 3470 iterum
1207 3401 1400 3495 restituto,
1426 3402 1553 3478 subito
1574 3404 1777 3507 pristinum
1799 3413 2028 3500 recuperent

324 3552 593 3630 charammcm.
644 3556 772 3628 Motus
796 3580 887 3630 vero
905 3552 1230 3655 metamorphoseis
1251 3554 1472 3656 saepissime
1492 3581 1579 3632 cum
1603 3557 1697 3651 illis,
1723 3577 1822 3656 quae
1846 3579 1891 3628 ex
1914 3549 2025 3628 indo·

321 3701 369 3780 lia
391 3705 569 3808 proprius
593 3707 804 3782 mutatione
824 3726 1042 3808 emergunt,
1067 3708 1285 3782 miscentur.

226 3888 316 3954 280.
491 3871 743 3949 Globulorum
768 3876 1110 3978 metamorphoses,
1149 3874 1279 3977 quoad
1307 3874 1478 3950 indolem
1499 3877 1718 3979 propriam·
1751 3877 1862 3952 circa
1884 3873 2026 3951 eoloris
2080 3873 2083 3878 ‘

319 4044 359 4102 et
372 4026 574 4104 voluminis
583 4029 843 4124 mutationem,
867 4031 1077 4131 marginum
1095 4030 1378 4122 dehiscentium,
1405 4027 1740 4130 agglutinatiouem
1752 4047 1792 4104 et
1805 3989 2023 4106 dissolutio·

318 4205 408 4256 nem
430 4181 669 4282 potissimum
691 4199 909 4277 amantum
941 4181 1013 4256 sed
1035 4155 1355 4258 tot'intercedunt
1380 4182 1667 4284 phaenomena,
1702 4183 1911 4283 unicuique
1936 4179 2022 4258 l'ere

284 4381 295 4390 -
319 4333 580 4434 experimento
599 4335 821 4437 peculiaria,
846 4334 1018 4435 quotvis
1040 4334 1285 4444 distinguere,
1310 4337 1466 4412 minime
1488 4364 1579 4414 vero
1601 4335 1789 4439 explicare
1808 4334 1968 4438 possim.

95 4471 104 4494 τ
222 4510 315 4578 28¹.
480 4505 636 4578 Forsan
652 4504 767 4578 etiam
787 4504 940 4605 sanguis
963 4503 1007 4578 in
1029 4503 1191 4578 nansitu
1212 4529 1258 4578 ex
1280 4506 1431 4580 arteriis
1455 4505 1496 4578 in
1516 4529 1635 4579 renas
1661 4501 1775 4578 simili
1804 4503 1941 4596 modo,
1974 4527 2022 4578 ac

316 4655 612 4732 inflammatione
648 4656 876 4750 inchoante,
922 4671 1088 4734 maman
1113 4675 1217 4734 certe
1243 4684 1325 4734 non
1365 4657 1504 4732 eodem
1535 4659 1650 4732 modo
1689 4672 1862 4730 mutatur.
1925 4651 2019 4730 Glo-

312 4807 415 4901 sm,
442 4809 510 4910 qu
529 4810 569 4886 n
589 4771 737 4888 utens
763 4810 988 4903 semme,
1012 4809 1132 4904 nee,
1155 4809 1248 4886 nee
1261 4791 1423 4916 panae,
1447 4811 1576 4902 anes,
1601 4825 1796 4911 turgentes
1813 4783 1855 4884 'et
1871 4807 2012 4884 mnes
