<?xml version="1.0" encoding="UTF-8"?>
<!DOCTYPE html PUBLIC "-//W3C//DTD XHTML 1.0 Transitional//EN"
    "http://www.w3.org/TR/xhtml1/DTD/xhtml1-transitional.dtd">
<html xmlns="http://www.w3.org/1999/xhtml" xml:lang="en" lang="en">
 <head>
  <title>
</title>
<meta http-equiv="Content-Type" content="text/html;charset=utf-8" />
  <meta name='ocr-system' content='tesseract 3.04.00' />
  <meta name='ocr-capabilities' content='ocr_page ocr_carea ocr_par ocr_line ocrx_word'/>
</head>
<body>
  <div class='ocr_page' id='page_1' title='image "./experimentacirc00kaltgoog_0053.png"; bbox 0 0 4800 6194; ppageno 0'>
   <div class='ocr_carea' id='block_1_1' title="bbox 1141 592 1287 659">
    <p class='ocr_par' dir='ltr' id='par_1_1' title="bbox 1141 592 1287 659">
     <span class='ocr_line' id='line_1_1' title="bbox 1141 592 1287 659; baseline -0.034 0"><span class='ocrx_word' id='word_1_1' title='bbox 1141 592 1287 659; x_wconf 58' lang='lat'>&#39;40</span> 
     </span>
    </p>
   </div>
   <div class='ocr_carea' id='block_1_2' title="bbox 414 778 2109 902">
    <p class='ocr_par' dir='ltr' id='par_1_2' title="bbox 414 778 2109 902">
     <span class='ocr_line' id='line_1_2' title="bbox 414 778 2109 902; baseline 0.002 -37"><span class='ocrx_word' id='word_1_2' title='bbox 414 787 636 880; x_wconf 79' lang='lat' dir='ltr'>statuerim,</span> <span class='ocrx_word' id='word_1_3' title='bbox 660 783 816 890; x_wconf 89' lang='lat' dir='ltr'>patebit.</span> <span class='ocrx_word' id='word_1_4' title='bbox 841 780 1127 902; x_wconf 74' lang='lat' dir='ltr'>Experimento,</span> <span class='ocrx_word' id='word_1_5' title='bbox 1153 780 1195 854; x_wconf 90' lang='lat' dir='ltr'>in</span> <span class='ocrx_word' id='word_1_6' title='bbox 1210 778 1429 869; x_wconf 82' lang='lat' dir='ltr'>membrana</span> <span class='ocrx_word' id='word_1_7' title='bbox 1445 784 1634 860; x_wconf 87' lang='lat' dir='ltr'>natatoria</span> <span class='ocrx_word' id='word_1_8' title='bbox 1656 811 1773 859; x_wconf 90' lang='lat' dir='ltr'>ranae</span> <span class='ocrx_word' id='word_1_9' title='bbox 1797 788 1989 883; x_wconf 89' lang='lat' dir='ltr'>instituta,</span> <span class='ocrx_word' id='word_1_10' title='bbox 2016 817 2109 894; x_wconf 89' lang='lat' dir='ltr'>prae</span> 
     </span>
    </p>
   </div>
   <div class='ocr_carea' id='block_1_3' title="bbox 295 935 2112 1202">
    <p class='ocr_par' dir='ltr' id='par_1_3' title="bbox 295 935 2112 1202">
     <span class='ocr_line' id='line_1_3' title="bbox 353 935 2112 1049; baseline -0.001 -28"><span class='ocrx_word' id='word_1_11' title='bbox 353 956 358 966; x_wconf 92' lang='lat'><em>&#39;</em></span> <span class='ocrx_word' id='word_1_12' title='bbox 418 951 580 1037; x_wconf 88' lang='lat' dir='ltr'>ceteris,</span> <span class='ocrx_word' id='word_1_13' title='bbox 605 939 787 1036; x_wconf 82' lang='lat' dir='ltr'>narrabo,</span> <span class='ocrx_word' id='word_1_14' title='bbox 813 937 903 1049; x_wconf 81' lang='lat' dir='ltr'>quia</span> <span class='ocrx_word' id='word_1_15' title='bbox 927 938 1190 1039; x_wconf 79' lang='lat' dir='ltr'>phaenomena</span> <span class='ocrx_word' id='word_1_16' title='bbox 1213 935 1472 1041; x_wconf 87' lang='lat' dir='ltr'>praebuerunt</span> <span class='ocrx_word' id='word_1_17' title='bbox 1493 938 1613 1042; x_wconf 77' lang='lat' dir='ltr'>magis</span> <span class='ocrx_word' id='word_1_18' title='bbox 1636 941 1856 1043; x_wconf 88' lang='lat' dir='ltr'>perspicue,</span> <span class='ocrx_word' id='word_1_19' title='bbox 1883 966 1997 1044; x_wconf 88' lang='lat' dir='ltr'>quam</span> <span class='ocrx_word' id='word_1_20' title='bbox 2021 943 2086 1019; x_wconf 90' lang='lat' dir='ltr'>illa</span> <span class='ocrx_word' id='word_1_21' title='bbox 2099 999 2112 1040; x_wconf 97' lang='lat'>,</span> 
     </span>
     <span class='ocr_line' id='line_1_4' title="bbox 295 1090 1111 1202; baseline 0.001 -28"><span class='ocrx_word' id='word_1_22' title='bbox 295 1129 320 1193; x_wconf 81' lang='lat'>&#39;.</span> <span class='ocrx_word' id='word_1_23' title='bbox 413 1097 457 1174; x_wconf 87' lang='lat' dir='ltr'>in</span> <span class='ocrx_word' id='word_1_24' title='bbox 481 1098 601 1202; x_wconf 83' lang='lat' dir='ltr'>pinna</span> <span class='ocrx_word' id='word_1_25' title='bbox 624 1093 768 1173; x_wconf 88' lang='lat' dir='ltr'>caudae</span> <span class='ocrx_word' id='word_1_26' title='bbox 793 1091 972 1170; x_wconf 85' lang='lat' dir='ltr'>cohitidis</span> <span class='ocrx_word' id='word_1_27' title='bbox 996 1090 1111 1176; x_wconf 80' lang='lat' dir='ltr'>facta.</span> 
     </span>
    </p>
   </div>
   <div class='ocr_carea' id='block_1_4' title="bbox 1156 1299 1368 1320">
    <p class='ocr_par' dir='ltr' id='par_1_4' title="bbox 1156 1299 1368 1320">
     <span class='ocr_line' id='line_1_5' title="bbox 1156 1299 1368 1320; baseline -0.019 0"><span class='ocrx_word' id='word_1_28' title='bbox 1156 1299 1368 1320; x_wconf 58' lang='lat' dir='ltr'>—1-fl</span> 
     </span>
    </p>
   </div>
   <div class='ocr_carea' id='block_1_5' title="bbox 328 1461 2110 1730">
    <p class='ocr_par' dir='ltr' id='par_1_5' title="bbox 328 1461 2110 1730">
     <span class='ocr_line' id='line_1_6' title="bbox 328 1461 1665 1586; baseline -0.001 -34"><span class='ocrx_word' id='word_1_29' title='bbox 328 1469 414 1572; x_wconf 77' lang='lat'>1⁶9.</span> <span class='ocrx_word' id='word_1_30' title='bbox 861 1461 1167 1586; x_wconf 82' lang='lat' dir='ltr'>Pressio</span> <span class='ocrx_word' id='word_1_31' title='bbox 1215 1462 1665 1558; x_wconf 76' lang='lat' dir='ltr'>mechanica.</span> 
     </span>
     <span class='ocr_line' id='line_1_7' title="bbox 577 1622 2110 1730; baseline 0 -28"><span class='ocrx_word' id='word_1_32' title='bbox 577 1629 614 1702; x_wconf 74' lang='grc' dir='ltr'><strong>Δ</strong></span> <span class='ocrx_word' id='word_1_33' title='bbox 636 1625 836 1728; x_wconf 82' lang='lat' dir='ltr'>pressione</span> <span class='ocrx_word' id='word_1_34' title='bbox 862 1625 1057 1726; x_wconf 79' lang='lat' dir='ltr'>sanguinis</span> <span class='ocrx_word' id='word_1_35' title='bbox 1092 1641 1217 1700; x_wconf 84' lang='lat' dir='ltr'>motus</span> <span class='ocrx_word' id='word_1_36' title='bbox 1252 1625 1293 1698; x_wconf 92' lang='lat' dir='ltr'>in</span> <span class='ocrx_word' id='word_1_37' title='bbox 1326 1623 1416 1701; x_wconf 92' lang='lat' dir='ltr'>loco</span> <span class='ocrx_word' id='word_1_38' title='bbox 1448 1641 1552 1701; x_wconf 90' lang='lat' dir='ltr'>tacto</span> <span class='ocrx_word' id='word_1_39' title='bbox 1584 1622 1807 1721; x_wconf 79' lang='lat' dir='ltr'>impeditur,</span> <span class='ocrx_word' id='word_1_40' title='bbox 1840 1626 1988 1730; x_wconf 80' lang='lat' dir='ltr'>reliqua</span> <span class='ocrx_word' id='word_1_41' title='bbox 2019 1652 2110 1704; x_wconf 83' lang='lat' dir='ltr'>rero</span> 
     </span>
    </p>
   </div>
   <div class='ocr_carea' id='block_1_6' title="bbox 413 1763 1866 1881">
    <p class='ocr_par' dir='ltr' id='par_1_6' title="bbox 413 1763 1866 1881">
     <span class='ocr_line' id='line_1_8' title="bbox 413 1763 1866 1881; baseline -0.005 -23"><span class='ocrx_word' id='word_1_42' title='bbox 413 1763 672 1858; x_wconf 76' lang='lat' dir='ltr'>circulationis</span> <span class='ocrx_word' id='word_1_43' title='bbox 699 1804 842 1880; x_wconf 81' lang='lat' dir='ltr'>organa</span> <span class='ocrx_word' id='word_1_44' title='bbox 864 1804 945 1854; x_wconf 91' lang='lat' dir='ltr'>non</span> <span class='ocrx_word' id='word_1_45' title='bbox 970 1769 1080 1854; x_wconf 89' lang='lat' dir='ltr'>aliter</span> <span class='ocrx_word' id='word_1_46' title='bbox 1105 1805 1150 1854; x_wconf 89' lang='lat' dir='ltr'>ae</span> <span class='ocrx_word' id='word_1_47' title='bbox 1172 1805 1245 1881; x_wconf 89' lang='lat' dir='ltr'>pro</span> <span class='ocrx_word' id='word_1_48' title='bbox 1269 1795 1395 1854; x_wconf 88' lang='lat' dir='ltr'>motus</span> <span class='ocrx_word' id='word_1_49' title='bbox 1421 1777 1642 1856; x_wconf 89' lang='lat' dir='ltr'>conditione</span> <span class='ocrx_word' id='word_1_50' title='bbox 1665 1793 1866 1852; x_wconf 90' lang='lat' dir='ltr'>mutantur.</span> 
     </span>
    </p>
   </div>
   <div class='ocr_carea' id='block_1_7' title="bbox 298 1919 2128 3446">
    <p class='ocr_par' dir='ltr' id='par_1_7' title="bbox 576 1919 2109 2062">
     <span class='ocr_line' id='line_1_9' title="bbox 576 1919 2109 2062; baseline -0.001 -24"><span class='ocrx_word' id='word_1_51' title='bbox 576 1965 678 2040; x_wconf 86' lang='lat' dir='ltr'>Vase</span> <span class='ocrx_word' id='word_1_52' title='bbox 703 1978 767 2035; x_wconf 90' lang='lat' dir='ltr'>aut</span> <span class='ocrx_word' id='word_1_53' title='bbox 791 1984 1010 2062; x_wconf 79' lang='lat' dir='ltr'>compresso</span> <span class='ocrx_word' id='word_1_54' title='bbox 1035 1919 1099 2036; x_wconf 81' lang='lat' dir='ltr'>aut</span> <span class='ocrx_word' id='word_1_55' title='bbox 1123 1961 1260 2062; x_wconf 79' lang='lat' dir='ltr'>ligato,</span> <span class='ocrx_word' id='word_1_56' title='bbox 1287 1962 1364 2054; x_wconf 87' lang='lat' dir='ltr'>ita,</span> <span class='ocrx_word' id='word_1_57' title='bbox 1388 1977 1432 2036; x_wconf 92' lang='lat' dir='ltr'>ut</span> <span class='ocrx_word' id='word_1_58' title='bbox 1455 1957 1581 2035; x_wconf 88' lang='lat' dir='ltr'>lumen</span> <span class='ocrx_word' id='word_1_59' title='bbox 1607 1958 1757 2060; x_wconf 88' lang='lat' dir='ltr'>penitus</span> <span class='ocrx_word' id='word_1_60' title='bbox 1787 1957 1996 2056; x_wconf 84' lang='lat' dir='ltr'>claudatur,</span> <span class='ocrx_word' id='word_1_61' title='bbox 2022 1987 2109 2036; x_wconf 88' lang='lat' dir='ltr'>ean·</span> 
     </span>
    </p>

    <p class='ocr_par' dir='ltr' id='par_1_8' title="bbox 336 2099 2112 2680">
     <span class='ocr_line' id='line_1_10' title="bbox 336 2099 2107 2220; baseline -0.001 -30"><span class='ocrx_word' id='word_1_62' title='bbox 336 2163 338 2172; x_wconf 72' lang='lat'>‚</span> <span class='ocrx_word' id='word_1_63' title='bbox 409 2117 492 2218; x_wconf 78' lang='lat' dir='ltr'>guis</span> <span class='ocrx_word' id='word_1_64' title='bbox 518 2115 705 2190; x_wconf 87' lang='lat' dir='ltr'>circulans</span> <span class='ocrx_word' id='word_1_65' title='bbox 730 2112 893 2189; x_wconf 89' lang='lat' dir='ltr'>eundem</span> <span class='ocrx_word' id='word_1_66' title='bbox 916 2113 1019 2188; x_wconf 82' lang='lat' dir='ltr'>subit</span> <span class='ocrx_word' id='word_1_67' title='bbox 1041 2099 1283 2214; x_wconf 87' lang='lat' dir='ltr'>processum,</span> <span class='ocrx_word' id='word_1_68' title='bbox 1309 2139 1355 2190; x_wconf 89' lang='lat' dir='ltr'>ao</span> <span class='ocrx_word' id='word_1_69' title='bbox 1379 2117 1423 2189; x_wconf 84' lang='lat' dir='ltr'>ai&#39;</span> <span class='ocrx_word' id='word_1_70' title='bbox 1438 2141 1515 2209; x_wconf 77' lang='lat' dir='ltr'>ras,</span> <span class='ocrx_word' id='word_1_71' title='bbox 1539 2112 1629 2190; x_wconf 91' lang='lat' dir='ltr'>loco</span> <span class='ocrx_word' id='word_1_72' title='bbox 1654 2137 1895 2220; x_wconf 83' lang='lat' dir='ltr'>compresso,</span> <span class='ocrx_word' id='word_1_73' title='bbox 1919 2131 2107 2190; x_wconf 87' lang='lat' dir='ltr'>resectum</span> 
     </span>
     <span class='ocr_line' id='line_1_11' title="bbox 384 2265 2112 2370; baseline 0.003 -33"><span class='ocrx_word' id='word_1_74' title='bbox 384 2287 511 2344; x_wconf 69' lang='lat' dir='ltr'>esset</span> <span class='ocrx_word' id='word_1_75' title='bbox 536 2269 714 2370; x_wconf 84' lang='lat' dir='ltr'>(excepta</span> <span class='ocrx_word' id='word_1_76' title='bbox 737 2265 1046 2365; x_wconf 87' lang='lat' dir='ltr'>haemorrboea.)</span> <span class='ocrx_word' id='word_1_77' title='bbox 1071 2269 1174 2344; x_wconf 86' lang='lat' dir='ltr'>Vasa</span> <span class='ocrx_word' id='word_1_78' title='bbox 1199 2269 1240 2342; x_wconf 91' lang='lat' dir='ltr'>in</span> <span class='ocrx_word' id='word_1_79' title='bbox 1266 2267 1363 2344; x_wconf 88' lang='lat' dir='ltr'>duos</span> <span class='ocrx_word' id='word_1_80' title='bbox 1390 2267 1607 2345; x_wconf 82' lang='lat' dir='ltr'>dividuntur</span> <span class='ocrx_word' id='word_1_81' title='bbox 1631 2283 1799 2360; x_wconf 83' lang='lat' dir='ltr'>trtmeos,</span> <span class='ocrx_word' id='word_1_82' title='bbox 1828 2272 1988 2369; x_wconf 82' lang='lat' dir='ltr'>quorum</span> <span class='ocrx_word' id='word_1_83' title='bbox 2015 2295 2112 2344; x_wconf 87' lang='lat' dir='ltr'>unus</span> 
     </span>
     <span class='ocr_line' id='line_1_12' title="bbox 407 2420 2110 2542; baseline -0.001 -46"><span class='ocrx_word' id='word_1_84' title='bbox 407 2448 431 2496; x_wconf 80' lang='lat' dir='ltr'>a</span> <span class='ocrx_word' id='word_1_85' title='bbox 446 2422 565 2498; x_wconf 83' lang='lat' dir='ltr'>eorde</span> <span class='ocrx_word' id='word_1_86' title='bbox 578 2441 773 2526; x_wconf 87' lang='lat' dir='ltr'>separatus</span> <span class='ocrx_word' id='word_1_87' title='bbox 790 2439 859 2515; x_wconf 87' lang='lat' dir='ltr'>est,</span> <span class='ocrx_word' id='word_1_88' title='bbox 884 2421 1084 2542; x_wconf 62' lang='lat' dir='ltr'>alterneto</span> <span class='ocrx_word' id='word_1_89' title='bbox 1096 2446 1183 2496; x_wconf 89' lang='lat' dir='ltr'>cum</span> <span class='ocrx_word' id='word_1_90' title='bbox 1196 2421 1262 2499; x_wconf 87' lang='lat' dir='ltr'>illo</span> <span class='ocrx_word' id='word_1_91' title='bbox 1281 2421 1486 2517; x_wconf 75' lang='lat' dir='ltr'>cohaeret,</span> <span class='ocrx_word' id='word_1_92' title='bbox 1511 2421 1553 2496; x_wconf 92' lang='lat' dir='ltr'>in</span> <span class='ocrx_word' id='word_1_93' title='bbox 1568 2437 1731 2522; x_wconf 76' lang='lat' dir='ltr'>auoque</span> <span class='ocrx_word' id='word_1_94' title='bbox 1747 2420 1899 2522; x_wconf 83' lang='lat' dir='ltr'>sanguis</span> <span class='ocrx_word' id='word_1_95' title='bbox 1923 2446 1994 2526; x_wconf 91' lang='lat' dir='ltr'>per</span> <span class='ocrx_word' id='word_1_96' title='bbox 2019 2446 2110 2538; x_wconf 81' lang='lat' dir='ltr'>ana-</span> 
     </span>
     <span class='ocr_line' id='line_1_13' title="bbox 406 2537 2109 2680; baseline -0.001 -30"><span class='ocrx_word' id='word_1_97' title='bbox 406 2577 592 2651; x_wconf 82' lang='lat' dir='ltr'>stomosin</span> <span class='ocrx_word' id='word_1_98' title='bbox 619 2576 799 2658; x_wconf 86' lang='lat' dir='ltr'>circulum</span> <span class='ocrx_word' id='word_1_99' title='bbox 824 2537 1043 2650; x_wconf 72' lang='lat' dir='ltr'>intercisum</span> <span class='ocrx_word' id='word_1_100' title='bbox 1075 2575 1276 2650; x_wconf 88' lang='lat' dir='ltr'>restituere</span> <span class='ocrx_word' id='word_1_101' title='bbox 1301 2591 1472 2650; x_wconf 89' lang='lat' dir='ltr'>conatur.</span> <span class='ocrx_word' id='word_1_102' title='bbox 1530 2574 1702 2648; x_wconf 81' lang='lat' dir='ltr'>Artoriae</span> <span class='ocrx_word' id='word_1_103' title='bbox 1726 2573 1866 2662; x_wconf 87' lang='lat' dir='ltr'>llumen</span> <span class='ocrx_word' id='word_1_104' title='bbox 1898 2574 2109 2680; x_wconf 82' lang='lat' dir='ltr'>iuramum</span> 
     </span>
    </p>

    <p class='ocr_par' dir='ltr' id='par_1_9' title="bbox 298 2675 2109 3291">
     <span class='ocr_line' id='line_1_14' title="bbox 298 2675 2106 2834; baseline -0.001 -31"><span class='ocrx_word' id='word_1_105' title='bbox 298 2789 304 2796; x_wconf 94' lang='lat'><em>.</em></span> <span class='ocrx_word' id='word_1_106' title='bbox 403 2675 614 2834; x_wconf 82' lang='lat' dir='ltr'>proximuni</span> <span class='ocrx_word' id='word_1_107' title='bbox 638 2729 784 2830; x_wconf 78' lang='lat' dir='ltr'>integre</span> <span class='ocrx_word' id='word_1_108' title='bbox 810 2727 1040 2820; x_wconf 87' lang='lat' dir='ltr'>deflectitur,</span> <span class='ocrx_word' id='word_1_109' title='bbox 1068 2745 1224 2804; x_wconf 78' lang='lat' dir='ltr'>nuncus</span> <span class='ocrx_word' id='word_1_110' title='bbox 1251 2752 1342 2804; x_wconf 77' lang='lat' dir='ltr'>vero</span> <span class='ocrx_word' id='word_1_111' title='bbox 1367 2725 1527 2802; x_wconf 87' lang='lat' dir='ltr'>inferior</span> <span class='ocrx_word' id='word_1_112' title='bbox 1552 2743 1591 2802; x_wconf 93' lang='lat' dir='ltr'>et</span> <span class='ocrx_word' id='word_1_113' title='bbox 1607 2751 1698 2828; x_wconf 88' lang='lat' dir='ltr'>pers</span> <span class='ocrx_word' id='word_1_114' title='bbox 1721 2727 1820 2800; x_wconf 85' lang='lat' dir='ltr'>inter</span> <span class='ocrx_word' id='word_1_115' title='bbox 1846 2728 2106 2803; x_wconf 89' lang='lat' dir='ltr'>anastomosin</span> 
     </span>
     <span class='ocr_line' id='line_1_15' title="bbox 405 2867 2106 2994; baseline -0.001 -36"><span class='ocrx_word' id='word_1_116' title='bbox 405 2901 444 2958; x_wconf 86' lang='lat' dir='ltr'>et</span> <span class='ocrx_word' id='word_1_117' title='bbox 464 2881 678 2984; x_wconf 82' lang='lat' dir='ltr'>ligaturam</span> <span class='ocrx_word' id='word_1_118' title='bbox 694 2885 906 2957; x_wconf 75' lang='lat' dir='ltr'>evacuatur.</span> <span class='ocrx_word' id='word_1_119' title='bbox 960 2882 1091 2958; x_wconf 87' lang='lat' dir='ltr'>Venae</span> <span class='ocrx_word' id='word_1_120' title='bbox 1117 2905 1358 2986; x_wconf 79' lang='lat' dir='ltr'>compressae</span> <span class='ocrx_word' id='word_1_121' title='bbox 1383 2867 1643 2956; x_wconf 85' lang='lat' dir='ltr'>anastomoses</span> <span class='ocrx_word' id='word_1_122' title='bbox 1676 2877 1857 2955; x_wconf 82' lang='lat' dir='ltr'>facillime</span> <span class='ocrx_word' id='word_1_123' title='bbox 1882 2879 2106 2994; x_wconf 86' lang='lat' dir='ltr'>impetrant,</span> 
     </span>
     <span class='ocr_line' id='line_1_16' title="bbox 409 3031 2109 3140; baseline 0.001 -30"><span class='ocrx_word' id='word_1_124' title='bbox 409 3035 498 3140; x_wconf 84' lang='lat' dir='ltr'>dnm</span> <span class='ocrx_word' id='word_1_125' title='bbox 522 3035 688 3134; x_wconf 83' lang='lat' dir='ltr'>sanguis,</span> <span class='ocrx_word' id='word_1_126' title='bbox 711 3031 838 3106; x_wconf 81' lang='lat' dir='ltr'>fontes</span> <span class='ocrx_word' id='word_1_127' title='bbox 864 3032 1087 3124; x_wconf 84' lang='lat' dir='ltr'>ascendens,</span> <span class='ocrx_word' id='word_1_128' title='bbox 1115 3032 1163 3106; x_wconf 90' lang='lat' dir='ltr'>de</span> <span class='ocrx_word' id='word_1_129' title='bbox 1187 3035 1249 3109; x_wconf 80' lang='lat' dir='ltr'>ria</span> <span class='ocrx_word' id='word_1_130' title='bbox 1272 3059 1407 3134; x_wconf 88' lang='lat' dir='ltr'>parum</span> <span class='ocrx_word' id='word_1_131' title='bbox 1429 3033 1609 3124; x_wconf 87' lang='lat' dir='ltr'>haesitat,</span> <span class='ocrx_word' id='word_1_132' title='bbox 1635 3031 1705 3106; x_wconf 90' lang='lat' dir='ltr'>sed</span> <span class='ocrx_word' id='word_1_133' title='bbox 1732 3055 1864 3106; x_wconf 90' lang='lat' dir='ltr'>omnes</span> <span class='ocrx_word' id='word_1_134' title='bbox 1888 3033 1962 3107; x_wconf 80' lang='lat' dir='ltr'>levi</span> <span class='ocrx_word' id='word_1_135' title='bbox 1989 3059 2109 3138; x_wconf 87' lang='lat' dir='ltr'>opera</span> 
     </span>
     <span class='ocr_line' id='line_1_17' title="bbox 408 3185 2107 3291; baseline 0.001 -29"><span class='ocrx_word' id='word_1_136' title='bbox 408 3205 556 3262; x_wconf 88' lang='lat' dir='ltr'>mutans</span> <span class='ocrx_word' id='word_1_137' title='bbox 582 3187 833 3276; x_wconf 85' lang='lat' dir='ltr'>directiones,</span> <span class='ocrx_word' id='word_1_138' title='bbox 861 3185 975 3257; x_wconf 87' lang='lat' dir='ltr'>etiam</span> <span class='ocrx_word' id='word_1_139' title='bbox 998 3211 1069 3286; x_wconf 90' lang='lat' dir='ltr'>per</span> <span class='ocrx_word' id='word_1_140' title='bbox 1093 3185 1267 3260; x_wconf 84' lang='lat' dir='ltr'>minimas</span> <span class='ocrx_word' id='word_1_141' title='bbox 1295 3185 1635 3286; x_wconf 84' lang='lat' dir='ltr'>derivaturportas.</span> <span class='ocrx_word' id='word_1_142' title='bbox 1663 3187 1768 3261; x_wconf 88' lang='lat' dir='ltr'>Motu</span> <span class='ocrx_word' id='word_1_143' title='bbox 1793 3214 1883 3263; x_wconf 79' lang='lat' dir='ltr'>vero</span> <span class='ocrx_word' id='word_1_144' title='bbox 1910 3189 2107 3291; x_wconf 89' lang='lat' dir='ltr'>impedito,</span> 
     </span>
    </p>

    <p class='ocr_par' dir='ltr' id='par_1_10' title="bbox 307 3335 2128 3446">
     <span class='ocr_line' id='line_1_18' title="bbox 307 3335 2128 3446; baseline 0 -30"><span class='ocrx_word' id='word_1_145' title='bbox 307 3345 310 3354; x_wconf 83' lang='lat'><em>&#39;</em></span> <span class='ocrx_word' id='word_1_146' title='bbox 409 3341 583 3430; x_wconf 71' lang='lat' dir='ltr'>celeritas</span> <span class='ocrx_word' id='word_1_147' title='bbox 608 3337 787 3414; x_wconf 87' lang='lat' dir='ltr'>normalis</span> <span class='ocrx_word' id='word_1_148' title='bbox 812 3335 950 3411; x_wconf 69' lang='lat' dir='ltr'>mumri</span> <span class='ocrx_word' id='word_1_149' title='bbox 976 3335 1088 3412; x_wconf 90' lang='lat' dir='ltr'>debet</span> <span class='ocrx_word' id='word_1_150' title='bbox 1113 3354 1151 3410; x_wconf 90' lang='lat' dir='ltr'>et</span> <span class='ocrx_word' id='word_1_151' title='bbox 1176 3339 1328 3438; x_wconf 76' lang='lat' dir='ltr'>sangaris</span> <span class='ocrx_word' id='word_1_152' title='bbox 1354 3337 1440 3412; x_wconf 85' lang='lat' dir='ltr'>loce</span> <span class='ocrx_word' id='word_1_153' title='bbox 1465 3338 1654 3434; x_wconf 88' lang='lat' dir='ltr'>arctiora,</span> <span class='ocrx_word' id='word_1_154' title='bbox 1679 3363 1750 3440; x_wconf 89' lang='lat' dir='ltr'>per</span> <span class='ocrx_word' id='word_1_155' title='bbox 1776 3365 1872 3442; x_wconf 86' lang='lat' dir='ltr'>quae</span> <span class='ocrx_word' id='word_1_156' title='bbox 1895 3341 2128 3446; x_wconf 61' lang='lat' dir='ltr'>derivatur,</span> 
     </span>
    </p>
   </div>
   <div class='ocr_carea' id='block_1_8' title="bbox 408 3462 2079 3596">
    <p class='ocr_par' dir='ltr' id='par_1_11' title="bbox 408 3462 2079 3596">
     <span class='ocr_line' id='line_1_19' title="bbox 408 3462 2079 3596; baseline 0.002 -29"><span class='ocrx_word' id='word_1_157' title='bbox 408 3495 554 3595; x_wconf 81' lang='lat' dir='ltr'>majore</span> <span class='ocrx_word' id='word_1_158' title='bbox 576 3462 717 3590; x_wconf 79' lang='lat' dir='ltr'>trajicit</span> <span class='ocrx_word' id='word_1_159' title='bbox 741 3489 956 3584; x_wconf 90' lang='lat' dir='ltr'>eeleritate,</span> <span class='ocrx_word' id='word_1_160' title='bbox 970 3507 1023 3563; x_wconf 91' lang='lat' dir='ltr'>ut</span> <span class='ocrx_word' id='word_1_161' title='bbox 1045 3489 1106 3584; x_wconf 91' lang='lat' dir='ltr'>id,</span> <span class='ocrx_word' id='word_1_162' title='bbox 1142 3490 1248 3592; x_wconf 86' lang='lat' dir='ltr'>quod</span> <span class='ocrx_word' id='word_1_163' title='bbox 1271 3491 1397 3592; x_wconf 85' lang='lat' dir='ltr'>spatio</span> <span class='ocrx_word' id='word_1_164' title='bbox 1421 3489 1478 3566; x_wconf 87' lang='lat' dir='ltr'>illi</span> <span class='ocrx_word' id='word_1_165' title='bbox 1504 3491 1603 3566; x_wconf 90' lang='lat' dir='ltr'>desit</span> <span class='ocrx_word' id='word_1_166' title='bbox 1615 3544 1627 3583; x_wconf 91' lang='lat'>‚</span> <span class='ocrx_word' id='word_1_167' title='bbox 1663 3491 1857 3567; x_wconf 89' lang='lat' dir='ltr'>celeritate</span> <span class='ocrx_word' id='word_1_168' title='bbox 1884 3515 2079 3596; x_wconf 81' lang='lat' dir='ltr'>exaequet.</span> 
     </span>
    </p>
   </div>
   <div class='ocr_carea' id='block_1_9' title="bbox 317 3668 2110 4852">
    <p class='ocr_par' dir='ltr' id='par_1_12' title="bbox 317 3668 2106 3778">
     <span class='ocr_line' id='line_1_20' title="bbox 317 3668 2106 3778; baseline 0.005 -34"><span class='ocrx_word' id='word_1_169' title='bbox 317 3705 404 3778; x_wconf 54' lang='grc' dir='ltr'>ΗΟ,</span> <span class='ocrx_word' id='word_1_170' title='bbox 569 3673 671 3747; x_wconf 91' lang='lat' dir='ltr'>Pede</span> <span class='ocrx_word' id='word_1_171' title='bbox 696 3689 778 3747; x_wconf 90' lang='lat' dir='ltr'>toto</span> <span class='ocrx_word' id='word_1_172' title='bbox 802 3671 932 3768; x_wconf 83' lang='lat' dir='ltr'>ligato,</span> <span class='ocrx_word' id='word_1_173' title='bbox 958 3668 1081 3742; x_wconf 89' lang='lat' dir='ltr'>omnis</span> <span class='ocrx_word' id='word_1_174' title='bbox 1107 3668 1392 3770; x_wconf 82' lang='lat' dir='ltr'>interrumpitur</span> <span class='ocrx_word' id='word_1_175' title='bbox 1405 3671 1656 3746; x_wconf 84' lang='lat' dir='ltr'>anastomosis</span> <span class='ocrx_word' id='word_1_176' title='bbox 1676 3687 1714 3744; x_wconf 89' lang='lat' dir='ltr'>et</span> <span class='ocrx_word' id='word_1_177' title='bbox 1738 3674 1898 3748; x_wconf 82' lang='lat' dir='ltr'>arteriae</span> <span class='ocrx_word' id='word_1_178' title='bbox 1924 3675 2002 3778; x_wconf 81' lang='lat' dir='ltr'>cito</span> <span class='ocrx_word' id='word_1_179' title='bbox 2019 3702 2106 3753; x_wconf 85' lang='lat' dir='ltr'>era·</span> 
     </span>
    </p>

    <p class='ocr_par' dir='ltr' id='par_1_13' title="bbox 344 3819 2110 4511">
     <span class='ocr_line' id='line_1_21' title="bbox 344 3819 2103 3922; baseline 0.002 -22"><span class='ocrx_word' id='word_1_180' title='bbox 344 3886 349 3900; x_wconf 85' lang='grc'><em>,</em></span> <span class='ocrx_word' id='word_1_181' title='bbox 407 3833 579 3906; x_wconf 85' lang='lat' dir='ltr'>cuantnr.</span> <span class='ocrx_word' id='word_1_182' title='bbox 606 3831 781 3902; x_wconf 89' lang='lat' dir='ltr'>Attamen</span> <span class='ocrx_word' id='word_1_183' title='bbox 807 3821 1002 3922; x_wconf 80' lang='lat' dir='ltr'>sanguinis</span> <span class='ocrx_word' id='word_1_184' title='bbox 1027 3822 1069 3894; x_wconf 88' lang='lat' dir='ltr'>in</span> <span class='ocrx_word' id='word_1_185' title='bbox 1093 3821 1199 3896; x_wconf 83' lang='lat' dir='ltr'>renis</span> <span class='ocrx_word' id='word_1_186' title='bbox 1226 3837 1264 3894; x_wconf 93' lang='lat' dir='ltr'>et</span> <span class='ocrx_word' id='word_1_187' title='bbox 1288 3819 1388 3894; x_wconf 85' lang='lat' dir='ltr'>rasis</span> <span class='ocrx_word' id='word_1_188' title='bbox 1412 3820 1622 3906; x_wconf 87' lang='lat' dir='ltr'>minorihus</span> <span class='ocrx_word' id='word_1_189' title='bbox 1640 3849 1826 3900; x_wconf 85' lang='lat' dir='ltr'>conamen</span> <span class='ocrx_word' id='word_1_190' title='bbox 1850 3825 1934 3902; x_wconf 85' lang='lat' dir='ltr'>riae</span> <span class='ocrx_word' id='word_1_191' title='bbox 1959 3829 2103 3904; x_wconf 77' lang='lat' dir='ltr'>inteni-</span> 
     </span>
     <span class='ocr_line' id='line_1_22' title="bbox 411 3971 2108 4084; baseline 0.009 -39"><span class='ocrx_word' id='word_1_192' title='bbox 411 3971 534 4047; x_wconf 89' lang='lat' dir='ltr'>endae</span> <span class='ocrx_word' id='word_1_193' title='bbox 561 3988 732 4072; x_wconf 86' lang='lat' dir='ltr'>apertae,</span> <span class='ocrx_word' id='word_1_194' title='bbox 759 3973 906 4075; x_wconf 82' lang='lat' dir='ltr'>insigne</span> <span class='ocrx_word' id='word_1_195' title='bbox 929 3991 996 4050; x_wconf 89' lang='lat' dir='ltr'>est.</span> <span class='ocrx_word' id='word_1_196' title='bbox 1035 3977 1132 4052; x_wconf 86' lang='lat' dir='ltr'>Nam</span> <span class='ocrx_word' id='word_1_197' title='bbox 1155 3975 1266 4068; x_wconf 91' lang='lat' dir='ltr'>binc,</span> <span class='ocrx_word' id='word_1_198' title='bbox 1291 3973 1397 4049; x_wconf 90' lang='lat' dir='ltr'>illine</span> <span class='ocrx_word' id='word_1_199' title='bbox 1423 3972 1657 4070; x_wconf 84' lang='lat' dir='ltr'>deflectitur,</span> <span class='ocrx_word' id='word_1_200' title='bbox 1691 3995 1747 4070; x_wconf 75' lang='lat' dir='ltr'>ut¹</span> <span class='ocrx_word' id='word_1_201' title='bbox 1764 3996 1916 4082; x_wconf 90' lang='lat' dir='ltr'>portam</span> <span class='ocrx_word' id='word_1_202' title='bbox 1950 4005 2108 4084; x_wconf 88' lang='lat' dir='ltr'>quaerat</span> 
     </span>
     <span class='ocr_line' id='line_1_23' title="bbox 410 4125 2107 4234; baseline 0.008 -34"><span class='ocrx_word' id='word_1_203' title='bbox 410 4149 495 4202; x_wconf 50' lang='lat' dir='ltr'>non¹</span> <span class='ocrx_word' id='word_1_204' title='bbox 516 4125 765 4226; x_wconf 80' lang='lat' dir='ltr'>detegendam</span> <span class='ocrx_word' id='word_1_205' title='bbox 772 4155 786 4226; x_wconf 83' lang='lat'>3</span> <span class='ocrx_word' id='word_1_206' title='bbox 811 4126 881 4202; x_wconf 86' lang='lat' dir='ltr'>sed</span> <span class='ocrx_word' id='word_1_207' title='bbox 905 4153 991 4203; x_wconf 86' lang='lat' dir='ltr'>mox</span> <span class='ocrx_word' id='word_1_208' title='bbox 1014 4127 1212 4204; x_wconf 77' lang='lat' dir='ltr'>revertitur</span> <span class='ocrx_word' id='word_1_209' title='bbox 1219 4182 1232 4221; x_wconf 91' lang='lat'>,</span> <span class='ocrx_word' id='word_1_210' title='bbox 1258 4143 1301 4204; x_wconf 90' lang='lat' dir='ltr'>ut</span> <span class='ocrx_word' id='word_1_211' title='bbox 1321 4127 1415 4206; x_wconf 83' lang='lat' dir='ltr'>alias</span> <span class='ocrx_word' id='word_1_212' title='bbox 1429 4127 1554 4206; x_wconf 91' lang='lat' dir='ltr'>denuo</span> <span class='ocrx_word' id='word_1_213' title='bbox 1568 4148 1706 4230; x_wconf 74' lang='lat' dir='ltr'>vergat.</span> <span class='ocrx_word' id='word_1_214' title='bbox 1734 4131 1799 4208; x_wconf 83' lang='lat' dir='ltr'>Sic</span> <span class='ocrx_word' id='word_1_215' title='bbox 1824 4135 1976 4234; x_wconf 84' lang='lat' dir='ltr'>sanguis</span> <span class='ocrx_word' id='word_1_216' title='bbox 2001 4155 2107 4214; x_wconf 87' lang='lat' dir='ltr'>motu</span> 
     </span>
     <span class='ocr_line' id='line_1_24' title="bbox 411 4259 2110 4400; baseline 0.005 -46"><span class='ocrx_word' id='word_1_217' title='bbox 411 4281 603 4382; x_wconf 84' lang='lat' dir='ltr'>inaequali</span> <span class='ocrx_word' id='word_1_218' title='bbox 626 4279 780 4400; x_wconf 45' lang='lat' dir='ltr'>ubique⁸</span> <span class='ocrx_word' id='word_1_219' title='bbox 795 4281 961 4376; x_wconf 89' lang='lat' dir='ltr'>oscillat,</span> <span class='ocrx_word' id='word_1_220' title='bbox 988 4307 1034 4358; x_wconf 83' lang='lat' dir='ltr'>ae</span> <span class='ocrx_word' id='word_1_221' title='bbox 1059 4281 1093 4356; x_wconf 89' lang='lat' dir='ltr'>si</span> <span class='ocrx_word' id='word_1_222' title='bbox 1119 4259 1300 4358; x_wconf 87' lang='lat' dir='ltr'>circulum</span> <span class='ocrx_word' id='word_1_223' title='bbox 1334 4281 1527 4386; x_wconf 84' lang='lat' dir='ltr'>proprium</span> <span class='ocrx_word' id='word_1_224' title='bbox 1554 4282 1654 4360; x_wconf 89' lang='lat' dir='ltr'>intra</span> <span class='ocrx_word' id='word_1_225' title='bbox 1686 4282 1868 4386; x_wconf 82' lang='lat' dir='ltr'>ligaturae</span> <span class='ocrx_word' id='word_1_226' title='bbox 1890 4287 1983 4363; x_wconf 87' lang='lat' dir='ltr'>fines</span> <span class='ocrx_word' id='word_1_227' title='bbox 2019 4289 2110 4365; x_wconf 74' lang='lat' dir='ltr'>velit</span> 
     </span>
     <span class='ocr_line' id='line_1_25' title="bbox 413 4434 603 4511; baseline 0.005 -3"><span class='ocrx_word' id='word_1_228' title='bbox 413 4434 603 4511; x_wconf 88' lang='lat' dir='ltr'>inducere.</span> 
     </span>
    </p>

    <p class='ocr_par' dir='ltr' id='par_1_14' title="bbox 329 4588 2108 4852">
     <span class='ocr_line' id='line_1_26' title="bbox 329 4588 2108 4698; baseline 0.004 -32"><span class='ocrx_word' id='word_1_229' title='bbox 329 4607 410 4670; x_wconf 72' lang='lat'>111.</span> <span class='ocrx_word' id='word_1_230' title='bbox 576 4588 749 4664; x_wconf 83' lang='lat' dir='ltr'>Tandem</span> <span class='ocrx_word' id='word_1_231' title='bbox 774 4588 816 4663; x_wconf 90' lang='lat' dir='ltr'>in</span> <span class='ocrx_word' id='word_1_232' title='bbox 839 4591 939 4666; x_wconf 80' lang='lat' dir='ltr'>vasis</span> <span class='ocrx_word' id='word_1_233' title='bbox 965 4589 1209 4694; x_wconf 84' lang='lat' dir='ltr'>capillaribus</span> <span class='ocrx_word' id='word_1_234' title='bbox 1230 4590 1374 4696; x_wconf 87' lang='lat' dir='ltr'>primae</span> <span class='ocrx_word' id='word_1_235' title='bbox 1410 4591 1633 4692; x_wconf 82' lang='lat' dir='ltr'>contingunt</span> <span class='ocrx_word' id='word_1_236' title='bbox 1666 4610 1805 4690; x_wconf 87' lang='lat' dir='ltr'>stases,</span> <span class='ocrx_word' id='word_1_237' title='bbox 1842 4621 1865 4672; x_wconf 90' lang='lat' dir='ltr'>a</span> <span class='ocrx_word' id='word_1_238' title='bbox 1892 4594 2031 4698; x_wconf 86' lang='lat' dir='ltr'>quibus</span> <span class='ocrx_word' id='word_1_239' title='bbox 2056 4595 2108 4673; x_wconf 85' lang='lat' dir='ltr'>ad</span> 
     </span>
     <span class='ocr_line' id='line_1_27' title="bbox 415 4742 2105 4852; baseline 0.005 -34"><span class='ocrx_word' id='word_1_240' title='bbox 415 4742 567 4818; x_wconf 81' lang='lat' dir='ltr'>venulas</span> <span class='ocrx_word' id='word_1_241' title='bbox 594 4759 633 4816; x_wconf 94' lang='lat' dir='ltr'>et</span> <span class='ocrx_word' id='word_1_242' title='bbox 657 4768 748 4820; x_wconf 84' lang='lat' dir='ltr'>vasa</span> <span class='ocrx_word' id='word_1_243' title='bbox 780 4745 924 4848; x_wconf 89' lang='lat' dir='ltr'>majora</span> <span class='ocrx_word' id='word_1_244' title='bbox 956 4747 1253 4852; x_wconf 85' lang='lat' dir='ltr'>proficiscuntur.</span> <span class='ocrx_word' id='word_1_245' title='bbox 1291 4749 1473 4827; x_wconf 87' lang='lat' dir='ltr'>Vesorum</span> <span class='ocrx_word' id='word_1_246' title='bbox 1497 4749 1662 4850; x_wconf 87' lang='lat' dir='ltr'>parietes</span> <span class='ocrx_word' id='word_1_247' title='bbox 1696 4747 1865 4843; x_wconf 88' lang='lat' dir='ltr'>dilatati,</span> <span class='ocrx_word' id='word_1_248' title='bbox 1893 4775 1915 4823; x_wconf 92' lang='lat' dir='ltr'>a</span> <span class='ocrx_word' id='word_1_249' title='bbox 1939 4748 2105 4826; x_wconf 86' lang='lat' dir='ltr'>stasibus</span> 
     </span>
    </p>
   </div>
   <div class='ocr_carea' id='block_1_10' title="bbox 412 4895 1379 5004">
    <p class='ocr_par' dir='ltr' id='par_1_15' title="bbox 412 4895 1379 5004">
     <span class='ocr_line' id='line_1_28' title="bbox 412 4895 1379 5004; baseline 0.007 -33"><span class='ocrx_word' id='word_1_250' title='bbox 412 4897 555 4994; x_wconf 85' lang='lat' dir='ltr'>rubris,</span> <span class='ocrx_word' id='word_1_251' title='bbox 581 4897 714 5004; x_wconf 85' lang='lat' dir='ltr'>amplis</span> <span class='ocrx_word' id='word_1_252' title='bbox 741 4916 780 4976; x_wconf 89' lang='lat' dir='ltr'>et</span> <span class='ocrx_word' id='word_1_253' title='bbox 803 4899 1091 4980; x_wconf 82' lang='lat' dir='ltr'>cohaerentibus</span> <span class='ocrx_word' id='word_1_254' title='bbox 1117 4902 1329 5002; x_wconf 79' lang='lat' dir='ltr'>implentur.</span> <span class='ocrx_word' id='word_1_255' title='bbox 1377 4895 1379 4902; x_wconf 39' lang='lat'><strong>¹</strong></span> 
     </span>
    </p>
   </div>
   <div class='ocr_carea' id='block_1_11' title="bbox 0 0 2404 6194">
    <p class='ocr_par' dir='ltr' id='par_1_16' title="bbox 0 0 2404 6194">
     <span class='ocr_line' id='line_1_29' title="bbox 0 0 2404 6194; baseline 0 2"><span class='ocrx_word' id='word_1_256' title='bbox 0 0 2404 6194; x_wconf 95' lang='lat' dir='ltr'> </span> 
     </span>
    </p>
   </div>
  </div>
 </body>
</html>
