4800 6194
1234 605 1397 688 σο.

404 813 502 890 mini
524 837 603 888 non
629 837 699 916 par
725 829 802 907 est,
829 807 897 888 aad
921 807 1049 914 partes
1074 731 1188 886 iacile
1211 807 1325 884 morti
1349 806 1551 911 relinquit,
1588 809 1681 914 quin
1707 805 1902 889 afficiam.
1954 815 1999 888 ln
2025 818 2106 896 ani-

402 966 563 1042 malibus
596 993 687 1042 vero
726 963 1033 1066 generosioribus
1059 961 1294 1062 organismos
1320 962 1648 1040 vehementissima
1671 963 1877 1044 reactiouis
1905 972 2105 1050 conamina
2166 979 2168 982 ’

401 1139 547 1216 movet,
605 1140 643 1196 et
684 1148 733 1198 ne
776 1120 933 1196 minima
974 1116 1127 1222 quidem
1162 1132 1289 1218 parta,
1331 1117 1425 1220 quin
1467 1115 1671 1214 alliciatur,
1712 1121 1890 1222 privatur.
1977 1125 2103 1290 Quare

401 1276 514 1352 etiam
529 1275 698 1356 necrosis
725 1271 868 1416 inillis,
896 1265 1111 1376 gangiacus
1134 1271 1174 1346 in
1200 1270 1260 1349 his
1285 1269 1465 1380 frequens
1492 1289 1560 1348 est.

811 1495 821 1509 ,,
1160 1491 1378 1538 ὤ,

582 1761 869 1854 Stadium
904 1765 988 1860 III
1026 1761 1364 1856 solutionis
1401 1787 1505 1852 seu
1545 1761 1914 1857 sanationis.

306 1971 394 2054 250·
564 1986 607 2062 Si
631 1987 785 2066 morbus
810 2015 879 2094 per
903 2006 1047 2064 motum
1072 1987 1244 2066 criticum
1277 1987 1317 2059 in
1351 1983 1478 2062 locum
1510 1986 1833 2091 circumscriptum
1868 2009 2035 2071 coactus.
2056 2015 2096 2074 et

390 2135 579 2239 judicatus
609 2161 677 2237 est,
703 2145 850 2220 sanatio
877 2143 1039 2249 simplici
1063 2141 1177 2220 modo
1198 2137 1402 2217 inducitur.
1442 2140 1660 2218 sanationis
1677 2141 1811 2220 modus
1835 2169 1906 2250 pro
1925 2145 2094 2225 affectio·

390 2293 452 2370 nis
477 2295 630 2398 topicae
655 2296 786 2374 indole
813 2297 948 2374 differt.

297 2661 386 2728 237·
554 2654 587 2727 b.
629 2553 677 2730 Si
705 2653 859 2732 morbus
884 2681 953 2758 per
962 2653 1313 2728 inflammationem
1339 2663 1534 2732 sanantem
1559 2624 1747 2756 judicatus
1774 2677 1848 2752 est,
1889 2685 1956 2738 seu
1985 2661 2027 2738 'si
2052 2664 2093 2738 in

384 2804 678 2908 parenchymate
704 2825 877 2908 turgente
903 2825 1022 2886 stases
1049 2807 1376 2908 circumscriptae,
1407 2805 1566 2901 rubrae,
1605 2811 1841 2911 quao.nullis
1865 2813 1985 2892 turbis
2014 2843 2093 2894 am·

383 2957 483 3060 plius
508 2976 595 3034 sunt
622 2959 902 3056 circumsessae,
929 2960 1086 3053 adsunt,
1112 2959 1251 3036 solutio
1278 2959 1491 3037 allectionis
1517 2962 1697 3041 residuae
1722 2965 1860 3058 codem
1885 2969 2090 3051 absolvitur

383 3109 511 3204 modo,
538 3138 618 3214 qun
642 3113 863 3188 columellae
889 3131 927 3188 ct
951 3113 1096 3189 insulae
1121 3112 1164 3200 in
1179 3111 1474 3220 inflammatione
1492 3132 1662 3209 sanante,
1689 3142 1788 3217 qaae
1814 3120 1867 3197 ad
1892 3122 2087 3200 vulnerum

382 3261 571 3364 margines
597 3263 848 3359 excolebatur,
875 3263 1167 3366 dissipabantur.
1197 3263 1425 3339 Columellas
1443 3266 1647 3368 sanguinis,
1676 3287 1826 3372 atergo
1844 3274 2084 3378 impellentis,

392 3439 466 3519 ope
490 3413 709 3512 liberantur,
737 3418 883 3496 insulae
908 3444 998 3496 uero
1025 3435 1073 3510 at,
1099 3441 1198 3518 quae
1220 3416 1374 3492 residua
1398 3436 1496 3513 sunt,
1521 3421 1662 3498 sensim
1689 3422 1950 3508 absorbentur.

292 3606 377 3674 238·
555 3625 586 3674 c.
614 3601 657 3675 Si
680 3600 778 3696 loci,
820 3601 861 3674 in
895 3629 971 3704 quo
1008 3599 1114 3674 crisis
1141 3596 1331 3698 contigit,
1354 3595 1501 3675 fabrica
1525 3614 1584 3677 est
1607 3600 1729 3695 laesa,
1765 3603 1860 3678 baec
1884 3605 2003 3681 laesio
2030 3609 2085 3682 uti

383 3749 515 3827 vulnus
547 3777 589 3828 se
622 3751 758 3846 babet,
800 3773 837 3827 et
860 3753 1025 3829 vulneris
1050 3751 1173 3829 stadia
1199 3749 1381 3843 absolvit,
1425 3751 1465 3824 in
1490 3778 1568 3852 quo
1603 3757 1910 3858 parencbymatis
1934 3757 2082 3838 fabrica
2128 3739 2137 3746 ’

289 4005 298 4042 a
382 3921 525 3992 mutata
550 3921 626 3982 est.¹
671 3905 764 4014 Tale
788 3895 921 3984 vulnus
946 3903 1082 3978 ulceris
1109 3903 1366 3981 characterem
1391 3901 1487 4007 plus,
1511 3904 1636 3980 miuus
1663 3908 1797 3985 induit.

548 4086 584 4158 d.
611 4083 720 4158 Talia
744 4082 900 4160 vulnera
923 4083 1143 4184 longissime
1178 4107 1295 4186 saepe
1328 4083 1599 4185 protrahuntur
1632 4103 1670 4162 ct
1688 4089 1921 4192 ¹suppuratio
1956 4089 2078 4167 alitur.

382 4240 428 4310 ln
471 4237 530 4331 his
568 4235 785 4315 mineribus
817 4255 942 4314 motus
975 4235 1265 4340 suppuratorius
1301 4259 1386 4312 curn
1421 4218 1527 4314 motu
1555 4241 1700 4344 critico
1734 4243 1931 4341 contenit,
1975 4247 2084 4324 crisis

382 4412 471 4464 vero
497 4391 591 4492 ipsa,
618 4392 889 4494 suppuratione
913 4391 1037 4468 soluta
1063 4407 1101 4466 et
1126 4390 1325 4466 sanatione
1351 4392 1582 4486 introducta,
1608 4392 1709 4468 iacta
1735 4413 1803 4470 ast.

294 4591 380 4670 239·
521 4593 575 4668 st·
605 4568 650 4644 Si
665 4570 784 4671 partis
811 4569 1007 4672 eujusdam
1030 4569 1176 4646 iunctio
1203 4569 1334 4645 critice
1360 4587 1417 4646 est
1441 4571 1666 4678 modificata,
1692 4575 1789 4652 baec
1816 4577 1967 4656 affectio
1992 4606 2080 4656 een·

379 4723 451 4798 sim
476 4721 633 4798 soluitur
646 4777 658 4816 ,
685 4741 724 4798 et
749 4739 920 4800 correcta
945 4723 987 4797 in
1010 4739 1148 4799 statum
1170 4721 1378 4800 normalem
1403 4723 1616 4818 reducitur,
1656 4730 1748 4831 quin
1774 4731 1974 4828 solutionis
1998 4759 2079 4810 mc·

249 4861 259 4884 ‘
381 4895 508 4954 menta
534 4877 698 4954 certiora
724 4876 907 4979 distingui
933 4877 1092 4980 possint.
