4838 6192
1224 563 1294 626 1¹2

426 753 591 826 stellulae
616 753 791 850 quasdam
817 749 990 846 adposui,
1043 773 1200 848 quorum
1239 754 1361 866 apices
1383 751 1586 848 praemorsi
1614 762 1649 825 et
1674 777 1693 824 a
1721 753 1915 850 sanguine,
1952 759 2116 832 celeriter

425 909 657 992 decurrente,
684 909 849 1002 absorpti
874 913 969 980 aunt.

128 1105 132 1112 ·
244 1061 323 1161 rig.
362 1074 400 1154 9.
585 1063 707 1136 Venae
744 1067 963 1135 mesaraicae
998 1083 1106 1132 ranae
1131 1086 1234 1156 pars,
1276 1082 1369 1156 quae
1396 1082 1466 1132 acu
1490 1071 1625 1156 puncta
1651 1070 1719 1134 est.
1771 1065 1925 1160 Sanguis
1949 1073 2111 1138 err-utra·

424 1237 497 1308 que
520 1223 621 1310 parte
654 1225 757 1289 motu
782 1218 956 1300 adaucto,
996 1237 1122 1286 versus
1147 1216 1281 1286 vulnus
1307 1219 1380 1286 cito
1408 1239 1622 1300 conversus,
1653 1227 1858 1288 evacuatur.

95 1389 105 1413 ¹
245 1363 325 1462 Fig·
355 1383 413 1443 ιο.
599 1371 668 1442 Sed
694 1353 824 1452 undae,
839 1393 932 1464 quae
956 1372 1100 1440 inversa
1127 1338 1192 1451 est,
1208 1367 1270 1464 (b)
1289 1341 1448 1463 impetus
1467 1373 1602 1440 sensim
1620 1373 1867 1453 imminuitur;
1885 1378 1963 1441 tom
1978 1373 2107 1476 modo,

315 1509 331 1546 ²
422 1479 498 1614 quo
525 1545 596 1592 una
623 1525 771 1608 recedit,
798 1526 907 1596 altero
934 1520 1182 1618 protruditur3
1207 1544 1282 1616 quo
1309 1515 1360 1603 fit,
1379 1529 1421 1590 ut
1436 1521 1563 1594 ambae
1580 1545 1600 1592 a
1617 1525 1777 1630 vulneris
1794 1533 1984 1594 arceantur
2004 1527 2108 1596 ostio.

238 1666 313 1765 Fig·
344 1685 403 1752 11.
582 1677 687 1747 Unda
713 1676 863 1784 infracta
891 1657 1033 1748 tandem
1061 1673 1199 1749 oselllnt
1218 1683 1254 1746 et
1273 1672 1319 1744 ab
1344 1675 1456 1746 altera
1479 1679 1516 1746 in
1545 1677 1721 1746 circulum
1747 1677 1953 1748 normalem
1974 1681 2108 1748 iterum

416 1829 605 1923 abripitur.
657 1832 929 1902 Haemorrhoea
964 1829 1186 1924 composita,
1225 1829 1386 1899 thrombi
1427 1837 1582 1922 restant}
1610 1827 1805 1900 thrombus
1840 1825 2008 1900 internus
2040 1833 2108 1899 cir·

417 1989 647 2080 cumscriptis
671 1985 803 2078 gaudet
828 1983 1071 2079 marginibus,
1108 1983 1291 2078 aquibus
1317 1983 1453 2054 canalis
1477 1983 1602 2054 lumen
1639 1982 1740 2052 valde
1773 1991 1997 2068 coarctatur,
2039 1990 2107 2072 ito,
2183 2055 2190 2068 ,

299 2117 301 2121 ’
414 2147 457 2209 ut
482 2139 622 2234 globuli
651 2139 699 2222 id,
725 2137 824 2232 quod
851 2141 967 2231 spatio
991 2143 1144 2220 careant,
1171 2135 1358 2208 velocitate
1383 2140 1575 2208 restituere
1602 2133 1768 2220 debeant,
1795 2157 1866 2230 qua
1892 2157 1958 2230 per
1980 2135 2105 2211 locum

413 2299 636 2364 coarctatum
663 2287 904 2387 trajiciuntur.
954 2289 1167 2362 Thrambos
1194 2263 1364 2362 extamus
1390 2289 1616 2386 marginibus
1642 2289 1778 2384 gaudet
1801 2287 1982 2366 lloccosis.

236 2438 312 2536 Frg.
341 2456 400 2518 12.
579 2445 667 2516 Pars
700 2445 889 2539 pulmonis
921 2445 1129 2539 marginalis
1164 2445 1347 2528 cuniculi,
1383 2447 1447 2536 qui
1472 2440 1774 2526 inflammatione,
1817 2465 1863 2514 ex
1901 2443 2104 2518 visceribus

408 2590 602 2690 protractis
639 2605 735 2682 orta,
776 2599 895 2693 periit.
948 2598 1138 2668 Pulmonis
1162 2619 1247 2690 pars
1273 2618 1346 2666 una
1374 2593 1514 2666 cellulis
1541 2597 1699 2687 propriis
1727 2597 1879 2692 gaudet,
1913 2589 2006 2691 quaa
2030 2601 2103 2691 pel·
2171 2599 2174 2606 ’

408 2753 646 2824 lucidissimae
672 2758 758 2824 srrnt
785 2757 820 2822 et
846 2753 948 2822 omni
972 2770 1141 2822 vasorum
1168 2751 1319 2844 vestigio
1347 2754 1481 2819 carent.
1531 2745 1618 2818 Pars
1644 2768 1729 2818 vero
1769 2749 1957 2841 pulmonis
1983 2753 2103 2839 altera,

411 2875 548 2978 cellulis
572 2909 729 3000 privata,
755 2910 794 2976 in
820 2897 969 2975 maleam
995 2909 1219 2995 compactam
1245 2921 1415 2970 conversa
1442 2906 1518 2982 est,
1545 2901 1583 2969 in
1610 2921 1681 2994 qua
1706 2923 1874 2974 rasorum
1900 2900 2097 3000 majorum,

410 3077 585 3154 venprum
621 3057 681 3154 (b)
718 3069 753 3129 ct
786 3056 998 3128 arteriarum
1033 3052 1107 3146 (a),
1143 3053 1314 3144 reliquiae
1357 3055 1640 3144 conspiciuntur.
1691 3055 1796 3126 'Vasa
1837 3013 1922 3130 iero
1948 3065 2098 3132 minima

405 3212 510 3304 plna,
534 3215 656 3282 minus
689 3219 775 3280 sunt
804 3211 981 3292 exueste,
1009 3213 1045 3275 et
1070 3207 1212 3297 sangnis
1238 3208 1277 3274 in
1301 3179 1543 3302 parencbyma
1569 3161 1795 3278 maculosum
1822 3205 2005 3302 dispersus
2032 3221 2096 3283 eat.
2204 3251 2208 3258 ·

406 3363 587 3432 Venarum
628 3370 664 3432 et
705 3366 930 3468 arteriarum¹
954 3345 1163 3429 distributio
1193 3345 1296 3428 ‘certo
1326 3357 1484 3454 gaudere
1522 3357 1668 3428 videtur
1701 3367 1809 3455 typo:
1837 3333 1972 3455 ouippe
1999 3385 2099 3458 quae

402 3515 604 3586 alternatim
629 3522 713 3586 sunt
739 3515 951 3608 dispositae,
988 3516 1058 3594 ita,
1093 3519 1135 3582 ut
1158 3489 1272 3580 renea
1307 3512 1457 3583 arterias
1482 3513 1592 3580 ramis
1618 3516 1721 3604 quasi
1752 3469 1936 3585 includere
1962 3523 1998 3587 et
2023 3521 2093 3589 cir·

385 3667 639 3796 acumacribere
694 3667 906 3754 videantur,
949 3689 1016 3738 nee
1051 3665 1171 3760 quoad
1205 3663 1469 3736 distributionis
1508 3661 1673 3734 habitum
1707 3663 1753 3736 ab
1787 3667 1929 3760 hepatis
1954 3665 2094 3743 fabrica

400 3820 555 3893 multum
582 3819 726 3892 distent.
791 3849 794 3854 ·
826 3907 831 3916 .

1012 4252 1487 4368 roborant.

225 4561 302 4658 1:53v
326 4579 385 4644 15·
568 4533 655 4608 Pars
681 4537 888 4610 mesenterii
914 4553 1034 4605 ranae.
1085 4533 1169 4607 Duo
1194 4533 1324 4606 adsunt
1348 4539 1389 4605 iu
1409 4536 1819 4610 monumentorum
1842 4529 2092 4634 generaavrsa

389 4665 553 4784 magna,
590 4711 701 4760 venae
737 4687 796 4782 (b)
824 4695 859 4758 et
883 4691 1034 4758 arteriae
1065 4684 1123 4782 (a)
1149 4691 1382 4773 mesaraicas,
1417 4711 1511 4784 quaa
1545 4692 1755 4778 sanguinem
1781 4689 1827 4764 ad
1851 4687 1981 4764 tubum
2005 4697 2093 4766 inte·

402 4842 570 4913 ruralem
597 4841 747 4916 ducunt.
798 4841 959 4916 Artorius
984 4846 1085 4913 venia
1109 4841 1251 4914 ambitu
1283 4851 1320 4915 et
1343 4849 1500 4916 numero
1519 4841 1781 4939 aliquantulum
1807 4839 1994 4918 interiores
2020 4817 2093 4918 eise
