4838 6192
1156 577 1229 640 120
1275 637 1280 654 ,
1381 599 1384 606 ’

525 773 687 850 Nuoleus
711 771 860 858 viduus,
887 767 1002 870 qualis
1029 772 1237 863 saepissime
1260 773 1429 847 occurrit.

526 955 796 1040 Globulorum,
825 957 890 1051 qui
918 958 1014 1025 inter
1039 973 1077 1023 se
1099 948 1286 1024 confluunt
1310 973 1374 1023 seu
1396 953 1605 1048 coagulant,
1631 951 1774 1051 agmen.

437 1133 442 1142 '
517 1135 719 1218 Globulus,
761 1139 824 1231 qui
850 1139 943 1206 intra
970 1155 1101 1227 corpus
1134 1133 1327 1206 voluminis
1360 1139 1396 1206 et
1433 1134 1562 1206 coloris
1593 1136 1854 1208 incrementum
1886 1139 1982 1241 oepit
2019 1135 2071 1216 et‘

359 1293 538 1388 margines
565 1297 679 1361 certos
706 1291 884 1383 deposuit.

521 1468 647 1540 Plures
667 1467 828 1566 globuli,
856 1473 976 1564 quiin
1003 1487 1176 1564 grumum
1204 1475 1483 1541 connascuntur.
1563 1511 1569 1518 ·

510 1646 764 1735 Globulorum,
782 1655 843 1748 qui
854 1656 948 1723 intra
966 1651 1105 1721 canales
1122 1647 1359 1742 decompositi
1371 1655 1466 1732 sunt,
1482 1665 1622 1742 agmen,
1640 1667 1722 1718 sero
1734 1669 1864 1742 spurco
1880 1655 2048 1724 cinctum.

517 1827 619 1899 Haeo
637 1824 757 1924 figura
776 1828 1030 1902 formationem
1047 1853 1216 1902 vasorum
1236 1837 1378 1923 a'tergo
1395 1827 1563 1900 illustrat.
1625 1826 1806 1933 Globulus
1826 1828 1894 1923 (cl
1911 1853 1955 1904 ax
1969 1855 2052 1924 vasa

357 1975 415 2075 (a)
433 1981 592 2074 prosilit,
618 2003 685 2076 per
710 1984 952 2080 parenohymo
977 1989 1105 2079 serpit,
1140 1993 1177 2055 et
1194 1988 1234 2054 in
1257 2004 1319 2054 sas
1338 1977 1400 2078 (b)
1422 1981 1535 2050 ali-um
1563 1983 1695 2052 iterum
1717 1984 1925 2056 inosculat'
1967 1986 2052 2062 Glo-

278 2111 283 2122 ’
355 2132 482 2206 bulum
505 2139 666 2229 primum
696 2160 782 2211 mox
804 2138 866 2208 alii
886 2145 1099 2234 sequuntur.

171 2253 251 2411 pig,
278 2312 339 2395 60·
517 2289 679 2365 Asteriae
705 2289 764 2391 (a)
794 2299 829 2364 et
851 2307 966 2366 venae
993 2288 1053 2394 (b)
1078 2291 1316 2380 anastomosis
1341 2286 1508 2384 simplex,
1544 2288 1654 2358 sicuti
1678 2283 1716 2358 iu
1737 2293 1958 2362 mesentsrio
1989 2313 2051 2362 cu·

227 2457 249 2478 ⁶·
353 2443 465 2516 nieuli
489 2446 683 2523 invenitur.

166 2630 246 2728 pig·
273 2623 335 2706 ⁶1·
521 2594 697 2669 Vesorum
726 2601 964 2670 minimorum
989 2603 1067 2668 rete
1097 2599 1356 2703 accessorium,
1388 2595 1488 2724 puod
1513 2601 1552 2669 iu
1575 2579 1851 2671 Mesenleritide
1875 2599 1921 2670 ad
1956 2608 2051 2694 arte·

352 2744 443 2820 riam
469 2755 506 2822 et
531 2769 658 2823 venam
684 2757 829 2848 atergo
856 2750 1117 2845 apponebatur.

1090 2951 1291 2974 μ--ι-ιιιυ

950 3121 1286 3236 Tabula
1346 3117 1455 3210 VII·

164 3339 242 3440 Fig.
267 3337 330 3424 62.
513 3335 599 3440 Pars
616 3332 849 3408 membranae
865 3343 1062 3410 natatoriae
1084 3361 1203 3422 ranae,
1229 3343 1268 3410 in
1283 3346 1392 3434 quam
1405 3341 1563 3410 incisura
1580 3337 1839 3450 simplexlaota
1860 3353 1946 3429 est3¹
1959 3345 2041 3418 lrae·

351 3491 544 3566 morrhoea
580 3490 717 3585 placata
755 3496 819 3562 eet.
881 3489 1042 3562 Asteriae
1071 3487 1140 3590 (Α)
1176 3499 1329 3564 truncus
1356 3493 1521 3586 superior
1562 3483 1645 3587 (a),
1682 3489 1748 3585 qui
1786 3497 1884 3566 inter
1912 3499 2044 3570 uulnus

352 3656 389 3720 et
409 3631 552 3718 ramum
573 3641 872 3714 anastomoticum
903 3640 991 3715 situs
1016 3651 1090 3728 est,
1136 3652 1171 3716 et
1191 3653 1344 3715 truncus
1370 3639 1520 3724 inferior
1548 3595 1606 3734 (o)
1632 3648 1808 3739 sanguina
1838 3655 1938 3720 totus
1965 3673 2045 3722 sva·

352 3809 478 3876 suetus
512 3807 568 3870 est
599 3817 667 3866 nes
711 3785 811 3864 illius'
843 3801 1038 3891 vestigium
1088 3799 1242 3892 amplius
1284 3797 1591 3892 animadvertitur.
1660 3793 1779 3867 Venas
1820 3797 1887 3894 (B)
1921 3805 2042 3875 trunci

352 3953 401 4046 (a.
436 3949 497 4042 d),
544 3953 607 4043 qui
641 3949 736 4018 inter
773 3947 908 4018 vulnus
947 3957 984 4020 et
1018 3971 1160 4020 ramum
1202 3907 1500 4022 anastomoticum
1533 3943 1670 4042 jacent,
1732 3929 1909 4046 sanguine
1950 3963 2041 4050 stag·

351 4112 460 4176 nante
473 4061 558 4174 sunt
572 4099 768 4172 infamiae:
787 4104 929 4196 sanguis
939 4124 1023 4173 rero
1038 4103 1216 4176 circulans
1229 4125 1422 4198 perramos
1436 4104 1717 4173 anastomoticos
1729 4097 1846 4176 fontes
1861 4109 2041 4194 ascendit,

351 4266 388 4330 et
412 4255 484 4352 (uti
506 4247 661 4327 telorum
682 4251 930 4347 appositorum
952 4255 1103 4328 directio
1130 4212 1369 4348 demonstrat)
1393 4254 1467 4324 sias
1493 4261 1633 4348 apertas
1656 4259 1806 4347 quaerit.
1874 4257 2039 4331 Maxima

350 4418 502 4505 exparte
512 4430 579 4504 per
589 4431 714 4480 venam
734 4407 789 4500 (o)
806 4408 1003 4481 derivatur.
1056 4410 1147 4480 Vasa
1163 4410 1343 4503 capillaria
1359 4416 1513 4492 resecta,
1541 4408 1715 4502 sanguine
1727 4409 1915 4501 privantur
1931 4421 1967 4484 et
1983 4415 2042 4485 six

348 4561 529 4660 desliugui
549 4569 700 4656 possunt
707 4586 722 4654 3
748 4583 832 4632 vasa
852 4564 970 4634 vicina
990 4563 1128 4632 circulo
1150 4563 1300 4633 normali
1325 4562 1495 4656 gaudent.

151 4699 242 4805 *5⁸53-
267 4703 329 4787 03·
510 4714 598 4786 Pars
625 4715 762 4786 eadem.
788 4685 790 4688 Ι
814 4713 954 4785 Vulnus
981 4719 1020 4783 in
1045 4716 1163 4786 stadio
1186 4676 1381 4790 sanationis
1408 4725 1580 4788 versatur.
1635 4718 1806 4801 sanatio,
1840 4719 2038 4816 perenchy·

348 4879 443 4939 mate
467 4861 544 4940 fers
564 4891 637 4940 non
657 4867 812 4954 affecto,
838 4871 909 4982 cito
932 4865 1182 4942 inducebatur.
1228 4868 1378 4942 Materia
1403 4845 1572 4968 plastica,
1597 4870 1642 4941 ad
1670 4873 1834 4944 uulneris
1854 4877 2037 4970 margines
