4838 6192
1085 589 1089 597 .
1171 535 1244 602 124

165 731 240 826 Fig.
273 747 332 818 τῇ,
519 733 607 810 Pars
625 733 751 807 eadem
769 731 808 804 in
832 729 949 802 stadio
972 727 1185 804 sanationis.
1237 727 1344 802 Parte
1367 730 1547 802 aecrotica
1572 727 1755 814 abstersa,
1782 721 1964 828 margines
1984 734 2060 806 vul·

352 867 452 938 neris
481 865 723 958 depununtur,
756 867 792 932 ct
816 835 966 930 materia
989 859 1139 952 plastica
1161 856 1415 943 obducuntur;
1452 858 1595 930 insulae
1615 859 1742 932 laetius
1768 865 1978 957 tinguntur,
2016 867 2054 934 et

348 993 594 1088 'parenclsyma
619 996 752 1083 turget.
799 989 893 1062 Tres
929 987 1039 1059 rivuli
1065 990 1361 1080 conspiciuntur,
1402 990 1468 1082 qni
1494 989 1533 1058 in
1554 988 1837 1083 perenchymate
1862 987 2057 1075 nasceban-

351 1129 429 1194 tur.
472 1119 542 1192 Sed
564 1137 731 1187 vasorum
749 1122 836 1200 rete,
861 1114 960 1212 quud
978 1118 1153 1197 imminet,
1181 1113 1297 1188 metito
1316 1113 1466 1186 celerius
1489 1121 1643 1208 augetur
1663 1122 1698 1184 et
1714 1116 1942 1209 expanditur,
1969 1115 2058 1188 dum

350 1269 372 1320 e
400 1251 495 1319 vasis
522 1243 686 1316 formetis
710 1241 848 1339 globuli
879 1246 1109 1326 emittuntur,
1147 1244 1210 1336 qai
1233 1243 1272 1312 ln
1292 1239 1393 1310 eliud
1421 1261 1483 1312 vas
1514 1263 1555 1314 se
1581 1246 1715 1314 iterum
1741 1247 1960 1330 inserentes,
1994 1267 2057 1318 no·
2085 1255 2094 1266 “

331 1367 435 1444 'vum
458 1373 618 1444 formant
645 1393 718 1446 ras.

154 1469 244 1603 dig.
276 1516 336 1586 24.
514 1499 602 1574 Pars
638 1504 772 1594 pinnae
800 1496 937 1569 candae
968 1483 1156 1578 cubitidis,
1200 1497 1245 1566 in·
1270 1519 1343 1590 qun
1370 1493 1503 1568 incisio
1531 1497 1687 1592 simplex
1719 1496 1818 1570 facta
1846 1507 1914 1578 est.
1961 1498 2056 1574 Hae·

306 1661 308 1666 ·
346 1629 552 1712 morrhoes,
576 1650 670 1721 quae
690 1630 821 1720 exigua
838 1611 928 1706 'erat
959 1623 1158 1718 composita
1173 1630 1238 1696 est.
1273 1623 1451 1696 Vesorum
1472 1625 1696 1719 capillsrium
1715 1629 1914 1698 recisorum
1936 1643 2056 1702 neve·

348 1760 494 1852 stigium
520 1755 668 1849 quidem
697 1753 1006 1826 animadvertitur.
1058 1750 1099 1820 In
1123 1757 1252 1822 trunco
1276 1757 1429 1823 arteriae
1454 1746 1512 1848 (a)
1542 1761 1578 1824 et
1601 1774 1711 1824 venae
1734 1753 1792 1846 (b)
1818 1764 1974 1828 resectae
1998 1759 2056 1825 in·
2115 1787 2117 1792 ·

200 1967 204 1980 ¹
349 1880 484 1955 feriore
503 1887 649 1976 sanguis
669 1888 819 1978 stagnat.
886 1878 941 1950 Ad
957 1867 1157 1972 marginem
1176 1878 1337 1950 vulneris
1355 1884 1502 1972 sanguis
1521 1881 1555 1950 in
1572 1881 1816 1978 pareuchyma
1829 1879 1968 1952 ellusus
1984 1887 2051 1954 est.

161 1989 244 2086 Fls·
279 1989 338 2062 ²5·
519 2007 608 2078 Pars
634 2009 761 2078 eadem
789 2005 826 2076 in
852 2006 969 2079 stadio
989 2006 1203 2106 sanationis,
1241 2027 1336 2099 quae
1358 2003 1507 2076 vulnere
1531 2000 1730 2091 levissimo,
1759 2013 1830 2079 cito
1854 2006 2052 2100 inducitur.

240 2188 245 2196 .
349 2131 592 2206 Inflammatio
609 2157 743 2207 sanans
768 2137 828 2206 rix
844 2135 979 2205 insulas
1006 2133 1181 2229 quasdam
1209 2131 1272 2228 (d)
1295 2133 1387 2217 loco,
1415 2155 1489 2229 quo
1520 2157 1603 2207 vasa
1628 2129 1766 2231 majora
1791 2137 1907 2206 recisa
1934 2141 2054 2220 erant,

353 2270 471 2357 parat,
523 2263 688 2334 circulus
716 2265 901 2358 sanguinis
924 2264 1021 2334 circa
1038 2261 1172 2342 vulnus
1196 2267 1513 2348 moxnestitaitnr,
1546 2258 1744 2360 atquejam
1769 2285 1861 2336 rena
1885 2255 1951 2361 (b)
1975 2263 2049 2360 glo·

342 2387 441 2462 bulis
466 2395 601 2462 iterum
622 2393 746 2485 pervia
773 2397 840 2464 cst·

160 2491 240 2587 Fid·
269 2487 331 2573 ²⁶·
515 2515 605 2589 Pars
630 2522 763 2611 pinnae
788 2517 923 2589 caudae
948 2517 1184 2600 cobitidis,
1172 2542 1210 2588 m
1237 2541 1310 2614 qua
1336 2519 1470 2590 vulnus
1498 2521 1642 2614 gravius
1669 2517 1793 2597 adest.¹
1822 2515 1908 2588 Pars
1931 2536 2053 2588 necro-

349 2645 421 2716 tice
441 2637 518 2740 jam
546 2643 709 2717 abstersa
733 2653 807 2734 eet,
845 2651 881 2716 et
900 2645 1031 2718 vulnus
1049 2651 1088 2714 in
1104 2654 1312 2728 momento,
1351 2668 1426 2740 quo
1449 2644 1839 2721 inflammatiosanaus
1859 2643 2055 2724 excolitur,

315 2767 316 2772 ’
354 2779 532 2844 versatur.
585 2771 684 2842 Vena
707 2767 768 2867 (b)
789 2770 946 2843 insulam
969 2779 1071 2863 parat
1099 2769 1171 2866 (c);
1197 2771 1319 2845 subito
1339 2747 1488 2868 sanguis
1510 2795 1554 2844 ex
1576 2774 1637 2844 illa
1664 2775 1844 2866 prorupit,
1870 2781 1905 2844 et
1928 2791 2054 2864 paren·

350 2897 479 2996 chyma
502 2898 705 2969 inundavit.
758 2899 870 2992 Copia
893 2897 1126 2992 globulorum
1151 2909 1330 2983 evacuata,
1358 2898 1504 2994 sanguis
1527 2905 1565 2971 iu
1592 2907 1697 3002 parts
1722 2919 1857 2984 venae,
1883 2919 1977 2994 quae
2002 2901 2054 2968 in·

345 3033 404 3096 ter
433 3025 590 3096 insulam
621 3032 824 3096 etramum
848 3029 1054 3117 proximum
1080 3031 1385 3097 anastomoticum
1406 3023 1678 3120 jacet,staguat,
1712 3034 1749 3098 et
1778 3047 1865 3096 mox
1902 3022 2050 3096 diffluit.

346 3147 510 3235 Insulae,
538 3148 593 3244 (e)
620 3169 713 3244 quae
744 3172 811 3242 per
841 3151 981 3243 aliquot
1006 3157 1151 3242 tempus
1177 3145 1252 3245 jam
1275 3150 1453 3222 formatae
1479 3161 1581 3236 sunt,
1615 3155 1773 3228 colorem
1795 3153 1950 3224 rubrum
1975 3177 2050 3225 non

347 3279 571 3374 deperdunt,
605 3277 839 3348 sedelocum
858 3275 1377 3371 perenchymatemisceutur,
1411 3286 1453 3349 ut
1475 3285 1579 3352 novis
1601 3286 1697 3352 vasis
1726 3287 1819 3350 viam
1838 3282 2049 3352 concedant

135 3383 246 3478 rig.
274 3401 331 3470 il.
508 3402 596 3472 Pars
633 3405 841 3473 mesenterii
873 3404 1053 3485 cuniculi,
1089 3405 1191 3498 quod
1222 3401 1485 3476 inflammatum
1516 3416 1580 3478 est.
1642 3405 1776 3477 Sebum
1807 3385 2050 3492 evolavisse

344 3537 459 3604 restat
489 3515 659 3602 vasorum
688 3537 786 3611 rete,
822 3528 921 3622 quod
957 3533 996 3600 in
1030 3528 1119 3602 sebo
1155 3530 1510 3609 distributum-erat.
1560 3535 1689 3604 Omnia
1726 3555 1811 3605 vasa
1845 3538 1987 3608 minora
2016 3543 2053 3608 et

345 3654 483 3753 majora
507 3655 603 3727 unda
623 3655 745 3748 plena,
784 3655 1013 3750 rapidissime
1038 3657 1270 3744 decurrente,
1304 3645 1452 3754 impleta
1474 3670 1510 3731 et
1529 3669 1629 3732 tensa
1654 3669 1750 3732 sunt.
1800 3662 1858 3734 Ad
1878 3686 1964 3734 rasa
1981 3667 2048 3735 mi·

299 3807 316 3842 ·
344 3809 436 3858 nora
453 3794 531 3856 rete
551 3803 719 3853 vasorum
736 3803 914 3853 uovorum
936 3787 1104 3867 occessit,
1131 3785 1229 3879 quod
1250 3810 1270 3854 a
1290 3795 1390 3882 tergo
1408 3785 1604 3872 formatur,
1632 3789 1720 3859 dum
1740 3788 1901 3882 globuli,
1928 3814 2049 3886 evase

346 3917 507 4012 quodam
533 3913 676 3990 emissi,
711 3910 750 3978 in
774 3907 847 3977 alio
875 3911 1007 4002 iterum
1034 3913 1256 3987 inseruntur.
1324 3913 1511 3985 Interdum
1541 3937 1628 3986 vero
1663 3911 1891 4016 ecanalibu's
1920 3941 2050 4015 magna

219 4109 224 4116 .
346 4041 579 4140 globulorum
597 4053 714 4104 massa
731 4033 842 4102 simul
858 4036 1096 4126 protuidrtur
1122 4059 1164 4108 ac
1183 4038 1213 4110 si
1233 4063 1291 4110 vas
1309 4063 1377 4112 acu
1395 4052 1633 4138 pungeretur
1674 4045 1774 4114 Talis
1791 4043 1921 4118 effusio
1941 4019 2085 4118 etiarn¹

306 4207 310 4212 ·
349 4167 511 4240 exsudat·
502 4188 536 4236 ιο
552 4183 615 4233 seu
631 4160 807 4252 deposrtro
820 4167 1000 4232 nominari
1017 4170 1149 4256 potest
1184 4163 1293 4242 Tales
1310 4169 1563 4241 exsudanones
1582 4171 1677 4258 hinc,
1702 4171 1802 4243 illinc
1822 4179 2051 4270 contingunt,

351 4315 494 4388 semper
512 4309 636 4362 vorsus
649 4281 877 4380 superficiem
899 4285 1141 4380 deponuntur,
1168 4301 1203 4363 et
1220 4296 1461 4392 parencliyma
1484 4305 1689 4372 mesenterii
1710 4302 1872 4396 reliquiis
1887 4302 2049 4413 implent.

351 4425 499 4502 Massa,
546 4439 638 4512 quac
680 4409 794 4484 effusa
838 4421 910 4495 est,
962 4421 1091 4507 partim
1137 4419 1206 4490 sub
1246 4425 1471 4494 macularum
1517 4424 1635 4497 forma
1686 4431 1724 4498 in
1772 4431 2053 4526 parenchymate

225 4549 227 4555 ’
291 4550 586 4643 1,ἀίεριιςὶῑιιῃ
617 4543 749 4634 partim
776 4539 1069 4620 motuintestino
1094 4547 1240 4617 exculto
1266 4551 1399 4623 rivulos
1425 4559 1540 4645 parit,
1584 4576 1676 4650 quae
1706 4557 1742 4624 in
1767 4561 1843 4626 rete
1867 4557 2050 4650 quoddam

352 4675 497 4757 co'c'unt,
525 4673 677 4742 unanime
703 4661 942 4758 superficiale.
994 4669 1155 4776 Krteriae
1170 4669 1246 4766 (a);
1271 4699 1382 4748 venae
1401 4673 1485 4778 (b);
1511 4681 1626 4767 locus,
1649 4705 1722 4776 quo
1740 4681 1917 4776 depositio
1932 4705 1952 4754 e
1967 4705 2051 4756 vase
2093 4677 2101 4683 ’

354 4803 514 4902 quodam
533 4795 583 4880 fit,
611 4790 680 4890 (c).
714 4790 795 4864 Hae
812 4793 1054 4884 depositiones
1068 4795 1385 4908 frequentissimae
1398 4829 1474 4879 esse
1489 4817 1653 4902 possunt,
1680 4807 1818 4886 etbone
1828 4815 1936 4905 patet,
1949 4811 2052 4886 brevi

355 4944 520 5024 tempore
533 4941 700 5018 magnam
716 4917 916 4990 effusorum
936 4927 1077 5016 copiam
1097 4925 1229 5020 deponi
1247 4955 1366 5024 posse.

986 5053 1462 5077 ’Ἥ
