4800 6194
1134 681 1142 710 ι
1177 653 1199 718 ὅ

326 853 459 959 potior
483 846 685 924 infractum
708 843 884 946 repellit,
910 866 934 916 a
959 839 1125 916 vulneris
1149 841 1251 916 ostio
1277 841 1362 944 ipsa
1387 863 1559 940 arcetur,
1596 863 1636 922 ct
1660 843 1908 922 circulatione
1940 869 2031 918 ucr-

326 1004 640 1092 mali‘rcstituta,
665 996 944 1073 haemorrhoea
965 997 1119 1098 penitus
1146 994 1357 1072 cohibetur.

266 1202 327 1263 1⁰.
495 1184 576 1262 Sed
597 1198 746 1258 restant
769 1179 947 1254 thrombi.
972 1179 1190 1280 Sanguinis,
1216 1203 1238 1253 e
1263 1179 1364 1254 rasis
1384 1181 1525 1277 emissi,
1549 1205 1640 1282 pars
1662 1179 1759 1259 foris
1783 1181 1927 1286 ubique
1953 1183 2031 1260 dis·

327 1347 520 1453 pergitur,
548 1339 624 1416 ulia
647 1363 739 1414 sero
765 1337 807 1409 iu
829 1335 1143 1440 perenchymntc,
1169 1336 1277 1440 quod
1300 1363 1366 1412 rus
1389 1336 1534 1412 laesum
1558 1326 1796 1434 circumdat,
1813 1339 2030 1434 effunditur,

330 1521 370 1580 et
393 1499 561 1580 vulneris
586 1491 701 1590 labie,
725 1491 974 1569 circulatione
999 1492 1185 1584 restituta,
1211 1490 1388 1568 obturare
1404 1491 1565 1588 ridetur,
1584 1493 1886 1596 quactbrombus
1911 1513 2032 1570 exter·

327 1683 400 1736 nus
426 1671 594 1736 vocatur.

226 1865 322 1928 κη.
493 1835 669 1938 Sanguis,
695 1833 907 1910 thrombum
927 1831 1111 1928 formans,
1133 1839 1309 1936 proprias
1335 1832 1377 1907 in
1400 1831 1706 1935 pareucbymotis
1721 1847 1902 1908 contactu
1926 1833 2031 1910 ride·

327 2013 389 2070 tur
413 1991 542 2068 subire
566 1989 914 2090 metamorphoses3
938 2016 1030 2064 nam
1049 2017 1072 2064 e
1097 1988 1259 2090 coagulo
1272 1987 1427 2090 quidem
1450 1986 1648 2062 thrombns
1663 2005 1825 2081 constat,
1858 1987 1940 2066 ‘sed
1981 1989 2032 2064 ab

327 2147 413 2240 illo,
440 2145 547 2248 quod
563 2163 667 2220 erno
678 2143 932 2220 rasafomari
940 2144 1050 2238 solet,
1064 2143 1203 2222 differt.
1215 2148 1271 2218 Er
1284 2167 1410 2218 massa
1425 2143 1667 2218 constituitur
1677 2143 1881 2245 pellucido,
1898 2143 2032 2220 liures·

329 2318 467 2394 cente,
494 2301 598 2376 circa
621 2299 787 2376 mlneris
814 2299 954 2375 ostium
979 2300 1174 2400 spissiore,
1200 2323 1299 2400 qnae
1323 2323 1453 2375 versus
1475 2297 1730 2400 peripheriam
1745 2299 1866 2399 magis
1893 2300 2032 2400 mugis-
2165 2359 2173 2378 .

328 2480 406 2558 que
431 2451 629 2546 dilabitur,
655 2469 696 2526 et
719 2450 760 2525 in
784 2449 929 2526 lloccos
956 2449 1132 2530 dehiscit.
1182 2449 1313 2526 Flocci
1336 2477 1425 2528 sero
1451 2450 1567 2526 cincti
1592 2475 1679 2528 esse
1701 2451 1886 2528 ridentur.

261 2652 320 2718 12.
479 2634 547 2711 'Ad
569 2631 736 2710 tbrombi
747 2632 937 2732 margines
962 2633 1184 2736 saepissime
1210 2632 1386 2734 globulos
1411 2633 1708 2738 circumspersos
1724 2633 1805 2712 ridi
1824 2635 2032 2712 minutissi-

326 2818 410 2870 mos
426 2792 785 2891 -saugnineornm
806 2787 954 2864 nucleis
980 2789 1219 2888 globulormn
1241 2791 1395 2891 pcnltus
1420 2791 1573 2883 similes,
1599 2791 1673 2885 ite,
1697 2807 1741 2866 ut
1762 2791 1961 2870 thrombos
1986 2811 2032 2870 ex

328 2943 569 3047 globulorum
592 2940 740 3017 nucleis
764 2958 1032 3018 crematorum
1054 2967 1148 3044 prae
1161 2943 1300 3016 ceteris
1325 2941 1494 3036 formari,
1509 2942 1697 3018 fcremibi
1715 2971 1918 3048 pessmus
1943 2948 2028 3026 sim.

262 3137 320 3206 tt.
373 3165 380 3176 ·
488 3121 625 3210 Mirum
651 3139 721 3216 est,
753 3122 870 3198 etium
892 3123 992 3196 iutra
1016 3123 1182 3200 vulneris
1208 3124 1347 3200 ostium
1370 3123 1586 3199 thrombum
1610 3124 1725 3200 telem
1745 3125 1959 3228 ·oriri„qni
1985 3151 2030 3204 ex

327 3277 462 3355 eedem
484 3295 634 3354 constat
656 3301 800 3369 massa,
824 3275 896 3350 sed
919 3277 1152 3378 marginibus
1187 3280 1327 3380 gaudet
1364 3279 1670 3380 circumscriptis.
1702 3319 1755 3338 ·-
1784 3282 1821 3356 A
1851 3279 2029 3356 thrombo

206 3461 210 3470 ·
329 3433 481 3508 interno
507 3429 650 3506 canalis
664 3429 790 3502 lumen
807 3428 907 3529 plus,
931 3431 1055 3505 minus
1081 3451 1305 3528 coaretatur,
1322 3437 1385 3522 ita,
1400 3435 1560 3510 utuudu
1579 3433 2024 3534 eompresearelocitutes
2047 3508 2057 3527 ,

287 3618 294 3632 ·
327 3585 436 3686 quod
459 3584 587 3687 spatio
612 3581 734 3675 deest,
760 3580 951 3692 redimere
975 3580 1124 3658 debeat.

264 3735 320 3799 Μ’
495 3763 599 3868 Ques
622 3763 789 3865 parietes
814 3789 990 3842 rasorum
1031 3763 1107 3866 ipsi
1132 3764 1294 3842 subeant
1323 3767 1669 3872 metamorphoses,
1696 3769 1909 3873 dijudicare
1947 3795 2029 3846 nou

325 3919 456 4024 potui,
481 3909 574 4019 qnia
590 3917 756 4036 vulneris
780 3919 881 3996 ostiu
904 3945 930 3994 a
950 3917 1137 3996 thrombis
1152 3921 1448 3998 absconduntur.
1476 3923 1650 4000 Ceterum
1666 3925 1760 4026 quin
1776 3925 1880 4001 circa
1893 3925 2028 4002 vulnus

327 4071 619 4168 contrubuutur,
657 4099 739 4152 uon
766 4053 924 4172 dubito,
965 4099 991 4148 a
1027 4075 1292 4152 contractione
1326 4103 1419 4154 sero
1456 4077 1593 4154 rulnus
1633 4077 1780 4172 claudi,
1832 4077 1914 4154 lere
1946 4103 2028 4168 uon

327 4229 458 4308 credo.
482 4267 535 4284 -
558 4229 605 4300 lu
630 4225 774 4302 ambitu
797 4229 917 4321 rasis,
949 4227 985 4302 si
1005 4227 1145 4302 uuimsl
1168 4256 1249 4306 uon
1274 4231 1494 4307 exhaustum
1519 4248 1599 4325 est,
1641 4233 1699 4308 nil
1731 4232 1930 4310 obsessuri
1942 4259 1957 4332 3
1984 4235 2026 4308 iu

327 4381 483 4460 sumusli
506 4397 632 4456 autem
657 4379 851 4477 esbansto,
876 4381 1266 4486 sneurysmatufscile
1292 4385 1522 4460 excoluntur.
1549 4421 1601 4442 -

109 4545 117 4560 ⁹
260 4581 321 4648 15.
485 4563 554 4642 Sic
566 4562 867 4640 beemorrboeae
889 4561 1024 4640 turbae
1060 4581 1341 4668 componuntur
1347 4621 1360 4658 ,
1398 4559 1473 4642 nce
1506 4567 1803 4662 resuscitentur,
1828 4571 1870 4645 ui
1894 4595 2018 4646 nosue

328 4718 560 4800 accesserint
595 4744 735 4796 causae
741 4773 756 4814 ,
795 4717 928 4822 quales
961 4735 1051 4794 suut
1097 4720 1259 4796 irritatio
1282 4744 1458 4798 vesorum
1496 4719 1745 4817 mechanica,
1784 4739 1915 4826 turgor
1939 4739 2025 4799 sau&

202 4917 211 4936 κ
329 4873 453 4968 guinis
477 4897 609 4950 versus
643 4871 778 4950 vulnus
824 4891 864 4948 et
899 4872 1089 4952 abstersio
1112 4873 1389 4952 thromborum.
1439 4875 1722 4985 lluemprrboeu
1764 4879 1890 4952 denuo
1917 4893 2021 4966 orta,

328 5023 469 5128 prioris
508 5027 558 5104 ud
597 5031 718 5108 instar
757 5027 952 5136 placatur„
975 5071 1026 5092 -
1064 5029 1371 5108 Haemomboeus
1407 5047 1620 5134 protractas
1662 5029 1740 5106 vidi
1751 5085 1764 5122 ,
1812 5027 2021 5106 sisuimsl

1158 5186 1225 5268 ,s
