4848 6194
1195 449 1242 530 65

378 653 542 732 sublatas
568 655 666 748 ridi,
720 651 822 755 quod
858 671 1001 743 metum
1026 653 1236 752 sanguinis,
1284 671 1436 754 atergo
1464 652 1729 758 impellentem,
1763 651 1935 758 augebat.
2010 651 2075 730 Sic

377 811 491 884 etiam
518 827 642 885 motus
667 810 925 884 vehementior
951 826 1074 918 stases
1097 807 1281 910 dissipare
1306 827 1444 911 potest.

289 985 377 1070 246.
547 990 589 1065 Si
615 1016 704 1064 vero
732 1007 851 1065 stases
879 987 1079 1063 allectione
1103 987 1283 1062 ulteriore
1310 988 1457 1064 cinctae
1477 1007 1574 1081 sunt,
1600 987 1826 1064 laboratam
1845 990 2073 1090 exiguonon

376 1145 579 1224 solvuntur.
631 1145 758 1218 Novas
786 1141 971 1245 applicavi
996 1139 1168 1215 Aetheris
1195 1166 1262 1214 scu
1277 1141 1473 1216 Alcohclis
1502 1141 1614 1216 doses
1640 1159 1689 1237 et,
1716 1169 1775 1238 en,
1799 1160 1959 1217 stasesa
1984 1167 2071 1216 san·

376 1301 513 1402 guina,
557 1315 711 1397 atergo
736 1294 870 1396 rapide
894 1293 1131 1396 impellente,
1172 1292 1298 1368 subito
1324 1293 1479 1392 quidem
1504 1293 1768 1392 solvebantur3
1808 1312 1955 1370 tantum
1978 1321 2069 1371 vero

375 1451 506 1545 abluit,
533 1469 575 1525 ut
589 1451 761 1524 levamen
778 1465 958 1526 constans
976 1448 1066 1522 inde
1086 1463 1334 1540 ortumessct,
1360 1463 1403 1520 ut
1415 1465 1504 1548 post
1521 1420 1827 1549 aliquot'tempus
1854 1453 2071 1522 stascs'non

373 1605 496 1682 solum
522 1621 823 1698 reverterentur,
850 1603 918 1678 sed
938 1600 1056 1676 multo
1081 1601 1254 1703 pejorem
1280 1619 1318 1678 et
1341 1603 1577 1678 miseriorem
1602 1603 1803 1680 induerent
1823 1600 1991 1678 sernum.

281 1793 369 1867 alat.
538 1788 634 1858 Tum
659 1781 812 1884 frigore,
838 1809 909 1886 per
932 1781 1081 1883 longius
1100 1787 1248 1883 tempus
1273 1781 1313 1856 in
1339 1799 1459 1859 stases
1488 1781 1677 1886 dispersas
1702 1778 1930 1884 applicando
1943 1835 1955 1871 ,
1980 1803 2070 1855 usus

367 1963 461 2013 sum.
529 1936 658 2012 Stases
680 1937 771 2010 inde
797 1961 875 2010 non
903 1935 1045 2011 solutas
1079 1935 1252 2036 quidem,
1293 1935 1363 2011 sed
1397 1953 1587 2012 correctas
1621 1934 1719 2026 vidi,
1757 1934 1845 2008 dum
1869 1934 2070 2009 certiorem

369 2091 476 2192 ipsae
502 2089 705 2164 induentes
731 2087 910 2182 formam,
954 2113 977 2162 a
1010 2087 1130 2162 turbis
1165 2087 1406 2190 cingentibus
1438 2089 1557 2189 magis
1590 2086 1859 2164 liberabantur.
1925 2085 2069 2160 Pariter

367 2243 480 2320 etiam
519 2243 656 2317 murias
692 2241 820 2315 Sodae
853 2258 973 2316 stases
1008 2267 1089 2315 non
1124 2241 1274 2316 sustulit
1308 2242 1492 2344 quidem,¹
1524 2241 1593 2318 scd
1624 2240 1797 2318 correxit.
1868 2241 1951 2314 Nec
1985 2263 2067 2313 non

369 2381 523 2489 turbae,
567 2393 645 2469 lato
678 2392 827 2468 ambitu
850 2393 986 2469 vulnus
1021 2394 1349 2491 circumsidentes,
1401 2423 1425 2472 a
1461 2395 1750 2474 renaesecticne
1773 2383 1945 2468 instituta
1969 2390 2064 2466 mul·

366 2565 446 2624 tum
470 2547 666 2623 levaminis
697 2546 906 2622 duxerunt.-

273 2735 361 2804 248.
527 2725 621 2801 Ideo
648 2741 767 2800 stases
791 2725 915 2842 minus
941 2725 1258 2829 circumscriptae,
1286 2745 1325 2802 ct
1348 2727 1549 2806 allectione
1576 2729 1756 2806 ulteriore
1778 2727 1854 2802 lete
1870 2727 2061 2820 obsessae,

360 2905 385 2956 a
407 2877 597 2970 remediis,
625 2901 723 2980 quae
747 2877 941 2978 sanguinis
967 2895 1108 2954 motum
1134 2904 1157 2953 a
1181 2854 1288 2980 terge
1315 2883 1569 2980 augent,cito
1584 2883 1738 2982 quidem
1756 2883 1963 2978 solrmrtur,
1989 2883 2061 2979 sed

358 3059 445 3108 mox
470 3047 725 3125 revertuntur,
764 3047 808 3106 ut
841 3031 882 3104 in
915 3029 1026 3133 pejus
1060 3050 1192 3126 ruant,
1232 3057 1255 3104 a
1286 3034 1462 3108 remediis
1497 3059 1610 3127 vere,
1653 3059 1750 3135 quae
1776 3035 1903 3137 topice
1929 3051 2056 3136 agunt,

359 3199 398 3262 et
424 3209 446 3260 a
470 3183 761 3260 renacsccticne
777 3199 895 3258 smaes
912 3201 1103 3260 correctas
1129 3202 1168 3259 et
1190 3182 1430 3262 affectionem
1449 3188 1826 3288 cingentem'sensim
1851 3190 1890 3262 in
1915 3188 2053 3282 locum,

360 3365 383 3413 a
407 3337 584 3413 remediis
609 3353 762 3430 tactum,
785 3337 997 3410 restrictam
1018 3338 1110 3412 vidi.

514 3543 557 3619 si
581 3569 672 3618 raro
698 3541 1002 3645 perenchymatis
1020 3540 1167 3619 fabrica
1182 3543 1266 3646 ipsa
1287 3543 1392 3618 laese
1410 3561 1501 3638 erat,
1527 3545 1668 3620 nullum
1685 3548 1816 3625 iuveni
1830 3552 2049 3641 remedium,

356 3695 461 3797 quod
486 3695 543 3770 illi
566 3695 801 3790 medebatur,
826 3695 897 3772 sed
920 3691 1039 3775 laesio
1064 3698 1261 3773 rulnemm
1284 3697 1541 3776 conditionem
1566 3701 1728 3778 subibat.
1767 3723 1771 3732 ’

261 3897 348 4018 ²49·
519 3903 724 3981 Scantiana
760 3903 1002 3998 introducta,
1037 3903 1309 3979 relaxationem
1346 3905 1536 4008 quandm
1563 3933 1736 3985 rasorum
1769 3911 1954 4017 parietum
1976 3938 2048 4016 per

345 4057 501 4158 longum
526 4073 674 4160 tempus
696 4073 841 4132 restare
866 4058 1090 4154 memoravi3
1118 4085 1231 4160 quam
1257 4085 1280 4135 a
1303 4060 1474 4163 plurimis
1497 4064 1688 4159 remediis,
1712 4065 1904 4143 levissima
1924 4068 2045 4172 appli-

347 4211 443 4287 catis
469 4207 555 4287 dosi
580 4233 614 4284 e.
642 4234 697 4309 gr.
724 4209 872 4304 calore,
897 4210 1058 4313 frigore,
1084 4213 1250 4289 Aethere
1275 4233 1484 4290 correctam
1508 4217 1597 4293 ridi.
1678 4219 1815 4320 Majcri
1839 4243 1931 4295 rere
1958 4217 2044 4296 desi
2066 4221 2071 4226 ’

349 4364 549 4468 applicata,
573 4363 754 4443 facillime
768 4391 888 4444 noras
913 4366 1042 4442 turbas
1069 4366 1109 4442 in
1133 4385 1243 4470 parte
1267 4370 1599 4448 reconvalesceute
1624 4389 1770 4477 parant,
1796 4395 1936 4472 casque
1962 4373 2042 4476 pri·

347 4520 417 4596 mis
442 4521 608 4626 pejores.
1521 4515 1523 4524 ¹

250 4735 340 4810 250.
507 4727 744 4832 Hastingaius
761 4746 879 4808 stases
900 4729 1207 4808 inflammatorias
1233 4731 1281 4810 ab
1299 4735 1474 4828 Aethere,
1502 4675 1626 4814 calore
1650 4751 1689 4812 et
1708 4735 1829 4835 glacie
1853 4735 1936 4838 pari
1954 4759 2062 4812 cum-
