4800 6194
1136 616 1184 684 ⁸1
1334 645 1342 654 ·

231 815 315 889 tta.
487 809 591 882 Inter
631 783 969 906 agglutinationem
1000 802 1116 906 igitur
1161 819 1209 880 et
1244 801 1545 906 grauuludouem
1584 799 1821 882 seeidentale
1859 803 2019 882 interest

318 961 544 1050 discrimen.
585 961 692 1064 quod
724 985 748 1037 a
778 958 946 1038 vulneris
978 959 1190 1064 marginum
1214 959 1395 1038 distantia
1425 959 1511 1038 sola
1547 959 1680 1040 oritur.
1746 961 1843 1038 ldeo
1880 958 2015 1038 ambae

320 1146 345 1194 a
368 1117 497 1194 stadio
522 1118 733 1194 sanationis
757 1119 940 1222 pendent,
975 1135 1015 1194 et
1037 1117 1176 1222 procul
1198 1115 1337 1194 absunt
1369 1116 1419 1194 ah
1462 1118 1568 1196 omni
1606 1117 1890 1224 suppurationis
1929 1117 2018 1210 aha·
2075 1150 2079 1159 ·

318 1289 478 1366 metere,
505 1297 666 1375 quacmn
690 1273 966 1376 granulatiouis
988 1272 1212 1377 saepissime
1237 1271 1486 1349 confunditur
1507 1299 1725 1378 processus.
1776 1275 1875 1350 Nam
1899 1295 2016 1374 quum

319 1429 631 1530 suppurationem
665 1429 706 1504 in
744 1429 869 1504 stadio
904 1429 1114 1506 sanationis
1150 1429 1363 1532 grmulatio
1407 1429 1520 1532 sequi
1558 1431 1680 1525 solet,
1722 1448 1762 1505 et
1802 1427 1956 1532 lympha
1994 1453 2018 1505 a

288 1605 414 1684 pure
454 1581 560 1657 hono
594 1582 697 1658 haud
728 1581 949 1660 dissimilem
967 1589 1100 1662 'servat
1135 1585 1316 1681 formam,
1357 1585 1658 1688 granulatiouem
1694 1581 2017 1688 suppurationem,

319 1754 359 1811 et
380 1759 456 1838 pus
478 1735 670 1840 lympham
695 1761 780 1814 esse
805 1735 993 1820 dixerunt.
1043 1745 1142 1816 'l'um
1165 1739 1283 1818 modo
1309 1739 1466 1852 granula
1491 1765 1515 1814 a
1537 1764 1634 1842 pure
1667 1779 1720 1796 -
1744 1737 1862 1813 modo
1895 1761 1969 1842 pus
1994 1764 2020 1814 a

201 1897 207 1904 “
322 1889 489 1990 granulis
496 1917 511 1985 3
534 1891 652 1966 modo
692 1892 849 1992 granula
881 1921 927 1970 er
961 1895 1063 1972 vasis
1096 1939 1149 1956 -
1172 1893 1287 1973 modo
1312 1921 1404 1974 vasa
1429 1921 1475 1970 er
1508 1890 1681 1994 granulis
1721 1889 1888 1968 formata
1922 1915 2019 1984 esse,

292 2047 299 2060 “
319 2045 608 2120 contenderunt

97 2367 102 2372 Ι
188 2193 192 2200 ¹
227 2253 314 2328 lit·
483 2249 563 2325 Sed
587 2275 632 2326 er
658 2250 924 2352 experimentis
946 2197 1170 2354 persuasum
1192 2251 1288 2328 mihi
1311 2251 1456 2344 habeo‚·
1479 2247 1781 2352 granulationem
1820 2272 1844 2324 a
1879 2273 2024 2352 suppu-

316 2403 471 2515 ratione
492 2421 570 2478 tam
593 2402 709 2504 longe
735 2406 887 2500 dumne,
915 2433 1029 2510 quam
1053 2406 1209 2512 lympha
1229 2405 1393 2510 plastica
1417 2429 1440 2480 a
1461 2429 1576 2508 pure,
1596 2429 1697 2524 quas
1719 2401 1844 2480 forma
1869 2419 1910 2480 et
1933 2426 2022 2480 svo·

315 2553 472 2676 lotionis
497 2576 590 2662 typo
616 2557 719 2634 hand
743 2580 832 2637 snut
856 2562 956 2636 inter
979 2587 1022 2637 se
1047 2563 1192 2656 aliena,
1225 2560 1296 2646 sed
1326 2557 1625 2651 conditionibus,
1660 2556 1731 2635 sub
1764 2556 1903 2660 quihus
1936 2555 2017 2633 for·

313 2729 473 2804 martur,
500 2711 730 2805 charactere,
756 2738 871 2815 quem
894 2733 1058 2809 servam,
1085 2733 1124 2791 et
1148 2739 1282 2819 scopo,
1307 2737 1422 2816 quem
1446 2711 1658 2813 adtingunt,
1684 2723 1775 2787 'toto
1810 2711 1922 2788 coelo
1960 2714 2020 2787 in·
2138 2797 2152 2804 ,

315 2879 375 2936 ter
398 2887 441 2938 se
466 2861 657 2945 differunt.

227 3071 312 3144 1103.
482 3061 628 3140 Pariter
652 3066 765 3142 etiam
791 3067 958 3169 granula,
985 3069 1042 3142 uti
1065 3068 1144 3168 jam
1168 3067 1388 3159 memoravi,
1413 3092 1457 3142 ex
1480 3062 1634 3167 lympha
1656 3063 1820 3167 plastica
1844 3064 2014 3163 formari,

314 3219 438 3295 nullus
464 3220 620 3318 dubit03
647 3221 718 3298 sed
743 3249 811 3300 cur
834 3222 989 3327 lympha
1015 3221 1086 3300 sub
1112 3221 1356 3324 granulorum
1383 3233 1639 3322 apponeretur
1663 3215 1798 3312 forms,
1823 3246 1905 3297 non
1942 3245 2044 3310 am·⁴

316 3373 414 3475 plius
434 3374 678 3477 investigavi3
716 3377 873 3451 mirarer
904 3401 1030 3468 vero,
1064 3377 1100 3454 si
1131 3375 1285 3478 lympha
1310 3371 1380 3452 sub
1407 3373 1483 3448 alia
1506 3373 1556 3449 ad
1579 3373 1836 3476 perenchyma
1870 3375 2021 3453 eristal-

315 3527 494 3603 lisaretur
517 3527 654 3604 forma.

228 3801 314 3874 stt.
482 3785 737 3862 Granulornm
761 3783 984 3862 elevationis
1008 3781 1161 3886 saepius
1185 3805 1267 3858 non
1287 3780 1400 3858 datur
1422 3779 1509 3858 linis
1540 3797 1690 3878 certus,
1715 3799 1755 3860 et
1784 3807 1901 3888 super
1934 3787 2016 3863 vul·

314 3941 416 4016 neris
443 3941 612 4016 eminent
631 3937 867 4043 superficiem
877 3965 891 4034 3
918 3963 997 4039 qno
1023 3961 1114 4012 omn
1137 3933 1364 4012 luxuriantia
1395 3933 1593 4030 dicuutur,
1632 3935 1704 4014 sed
1750 3936 1923 4017 morbosi
1960 3939 2018 4016 nil

314 4119 409 4198 prae
432 4119 476 4168 se
499 4093 640 4170 lerunt.

230 4341 317 4416 11⁸5·
485 4351 531 4422 ln
555 4345 653 4423 loeis
678 4371 781 4440 vero,
807 4372 877 4424 sen
901 4371 948 4422 ex
972 4344 1114 4422 inlluxu
1139 4363 1295 4421 externo
1320 4369 1388 4422 sen
1432 4345 1585 4420 interno
1627 4347 1779 4442 saueiis,
1802 4347 1917 4426 etiam
1941 4349 2018 4428 alia

299 4503 438 4580 ‘evolvi
472 4527 589 4607 posse
621 4500 964 4608 pseudoplmmata,
1001 4519 1162 4594 constat,
1195 4525 1294 4603 quae
1325 4517 1431 4575 certe
1463 4515 1553 4574 sunt
1584 4497 1777 4580 morbosa.
1846 4503 2017 4604 Quorum

316 4657 483 4734 evolutio
511 4675 595 4733 toto
622 4655 735 4732 eoelo
749 4681 784 4772 'a
809 4653 1051 4757 granulorum
1083 4653 1211 4730 differt
1224 4653 1477 4746 formatione,
1513 4670 1553 4730 et
1582 4653 1708 4730 stadio
1733 4657 2018 4762 suppurationis

316 4811 557 4889 accensenda
600 4834 688 4888 esse
732 4807 894 4890 videtur.
951 4809 1049 4886 Nam
1079 4807 1193 4886 facila
1229 4807 1438 4886 seeundum
1482 4807 1645 4888 eandem
1676 4827 1835 4888 naturae
1874 4809 2011 4914 legem,
