4838 6192
1151 565 1219 628 121

329 749 484 824 recreta,
521 742 588 816 boo
612 743 784 815 rotundat
807 752 844 816 et
863 750 959 819 inter
981 771 1021 821 ae
1046 711 1326 848 appropinquat.
1384 749 1627 824 inflammatio
1655 773 1788 824 sanans
1811 760 1935 848 parata
1961 759 2028 826 eat.

299 895 445 968 aMulta
474 917 577 978 raso,
602 899 744 970 vulneri
769 905 904 987 vicino,
932 911 1148 1000 sanguinea
1171 915 1274 1002 tergo
1296 899 1577 993 injiciebantur,
1597 891 1668 1002 ¹qni
1690 908 1908 1002 atagnabat.'
1942 909 2029 980 San·

326 1053 429 1146 guia,
464 1053 504 1118 in
532 1054 724 1121 vasionen
746 1053 856 1128 laerta
883 1065 1072 1156 stagnans,
1114 1062 1323 1134 columellae
1352 1061 1407 1154 (a)
1434 1059 1597 1146 exbibet3
1631 1061 1699 1132 sed
1725 1084 1840 1156 propa
1868 1060 2031 1135 mlnario

326 1205 524 1298 margines,
551 1202 616 1272 ubi
641 1224 724 1274 vasa
753 1213 867 1280 recisa
894 1219 998 1298 eunt,
1031 1218 1072 1286 in
1097 1217 1339 1310 parenebyma
1361 1220 1481 1308 ipsum
1509 1238 1773 1312 prorumpens,
1798 1216 1937 1288 insulae
1962 1211 2029 1316 (b)

324 1361 480 1450 paravit,
532 1355 632 1428 Inter
651 1359 861 1434 columellae
878 1373 915 1436 et
927 1369 1064 1439 inanlna
1078 1367 1320 1464 parencbyma
1343 1375 1465 1464 turget
1487 1375 1526 1440 et
1547 1370 1811 1464 aliquantulum
1834 1379 2030 1464 opacatum

252 1571 257 1578 .
324 1515 390 1582 eat.
441 1507 482 1580 ln
513 1515 834 1609 angulo-vulneris
858 1515 1093 1592 inflammatio
1120 1544 1263 1618 semper
1286 1523 1468 1594 leviaaima
1496 1529 1573 1609 eat,
1607 1527 1708 1594 etin
1740 1522 1811 1592 boe
1837 1537 1928 1594 caan
1951 1521 2030 1597 fera

322 1657 397 1759 jam
409 1673 465 1736 eat
484 1665 639 1738 sublata.
697 1669 791 1742 vasa
802 1695 895 1744 nona
911 1677 953 1746 in
969 1678 1039 1748 boc
1052 1677 1186 1774 angulo
1203 1675 1417 1759 formantur,
1444 1699 1601 1771 quonam
1619 1677 1690 1748 alia
1704 1673 1763 1769 (b)
1782 1699 1803 1746 a
1820 1683 1920 1774 tergo
1935 1687 2023 1752 eunt

324 1821 458 1902 miaaae
481 1820 551 1890 alia
575 1817 632 1914 (c)
652 1823 688 1892 in
711 1828 991 1924 parenobymate
1012 1853 1061 1904 ex
1091 1827 1234 1914 boonis,
1260 1829 1462 1902 interstitiis
1481 1839 1517 1900 et
1537 1831 1663 1906 rivulis
1684 1838 1767 1901 orta
1787 1837 1885 1901 aunt.
1943 1831 2021 1906 Ho-

322 1995 404 2044 rum
435 1996 573 2044 cornua
597 1997 678 2047 enea
699 1988 822 2071 parata
844 1982 1060 2078 tangebant,
1096 1993 1134 2056 et
1161 1985 1226 2055 tali
1249 1984 1359 2054 modo
1385 1987 1425 2054 iu
1449 1984 1626 2054 circulum
1647 1983 1853 2076 generalem
1875 1982 2025 2078 reeipie-

322 2121 467 2200 bantnr.
517 2129 601 2201 Hoo
630 2131 783 2217 valona,
816 2135 926 2229 qnod.
946 2136 1170 2210 levissimum
1199 2151 1276 2222 eet,
1309 2135 1422 2208 atrato
1451 2139 1596 2208 interno
1630 2135 1694 2230 (A)
1725 2159 1837 2230 parvo
1867 2137 2021 2232 gaudet,

322 2281 424 2374 qnod
453 2281 503 2353 ab
524 2284 655 2356 inantia
678 2285 773 2360 bene
803 2288 1083 2386 circumscriptio
1107 2300 1144 2363 et
1169 2295 1312 2362 intenae
1341 2286 1465 2360 rubria
1496 2287 1722 2361 terminatur.
1772 2291 1937 2364 Stratum
1965 2313 2023 2365 ex·

320 2441 469 2508 ternum
494 2433 561 2536 (Β)
588 2437 830 2514 colummellia
852 2446 1089 2560 inetnrotnm,
1115 2453 1153 2518 et
1171 2441 1271 2517 band
1294 2450 1484 2516 extensum
1505 2449 1574 2520 eol·

134 2617 212 2714 Fig.
238 2611 300 2696 or.
473 2615 561 2688 Para
589 2621 823 2698 membranae
850 2631 1053 2702 natatoriae
1070 2649 1199 2710 ranae,
1233 2645 1330 2721 quaa
1354 2645 1424 2694 aen
1452 2622 1629 2696 candente
1657 2630 1743 2696 uota
1771 2629 1841 2699 aet.
1893 2623 2019 2698 Loeua

323 2775 441 2842 ῑεοῑιιι
467 2769 608 2848 deletus
636 2787 709 2868 eat3
741 2782 807 2852 aed
833 2783 990 2854 ctreutna
1013 2783 1221 2878 sanguinis,
1247 2778 1431 2849 deletione
1460 2797 1629 2850 vanorum
1654 2777 1890 2872 quorundam
1908 2783 2020 2854 intar-

320 2931 470 3020 ruptua,
496 2929 538 2998 in
562 2935 655 3003 vania
676 2935 804 3009 vicima
826 2957 894 3032 per
917 2937 1166 3010 anastomooin
1186 2936 1377 3005 restitutus
1398 2938 1466 3012 aet.

128 3110 210 3208 lig.
233 3109 295 3191 65.
454 3106 542 3186 Para
555 3110 681 3184 eadem
701 3119 739 3188 in
762 3117 880 3188 stadio
898 3117 1186 3208 suppurationis.
1232 3110 1448 3185 Laeniouam
1464 3131 1550 3183 mox
1569 3059 1795 3185 eonl'nalonia
1810 3110 1941 3186 turbae
1964 3133 2020 3188 aa·

311 3269 537 3340 outae-sunt.
584 3263 824 3341 inflammatio
846 3269 1037 3350 morbosa,
1060 3290 1082 3337 a
1102 3271 1239 3360 puncto
1263 3265 1364 3336 laeso
1385 3263 1564 3360 prosecta,
1591 3269 1632 3335 in
1652 3264 1834 3372 ,ambitum
1859 3241 1917 3342 nat
1939 3269 2010 3342 lar·

311 3439 398 3514 gom
415 3441 576 3513 expansa
592 3429 659 3496 eet.
707 3421 822 3508 vasa,
849 3443 941 3520 qnae
957 3427 1097 3516 partem
1110 3419 1263 3491 delatam
1282 3411 1353 3516 (Α)
1370 3386 1533 3512 proxime
1549 3422 1710 3512 cingunt,
1735 3418 1892 3496 ειῑίηοῑα
1914 3429 2012 3506 aunt,

313 3577 350 3645 et
368 3583 522 3648 atratum
543 3581 726 3649 internum
749 3573 818 3675 (B)
841 3575 1020 3664 formant,
1056 3575 1098 3644 in
1127 3593 1203 3672 quo
1233 3578 1355 3643 motua
1377 3575 1654 3665 anppmatorina
1678 3572 1868 3643 evolvitur.
1931 3573 2012 3646 lam

311 3730 515 3803 rivulorum
536 3721 642 3828 puri'a
663 3739 739 3806 rate
766 3739 822 3801 eat
843 3729 1040 3802 excultum.
1105 3724 1269 3800 betrato
1289 3733 1438 3796 uterne
1462 3719 1527 3815 (C)
1550 3727 1733 3794 internum
1754 3725 2012 3806 elreumdatur.

309 3881 354 3952 ln
383 3881 449 3954 illo
479 3907 568 3960 vasa
589 3889 721 3980 partim
745 3893 932 3970 evacuata,
965 3884 1098 3979 partim
1130 3876 1291 3951 etaaib'ua
1319 3873 1573 3949 diffluentibus
1600 3883 1638 3945 et
1666 3876 1837 3969 dispersio
1862 3879 2010 3974 impleta

307 4047 413 4125 aunt5
445 4043 542 4111 inter
571 4063 655 4112 vara
680 4039 925 4136 parenobyma
955 4037 1136 4108 tummeit.
1201 4031 1350 4102 Turbae
1380 4031 1561 4125 reliquae,
1599 4027 1640 4098 in
1672 4031 1903 4102 contusionis
1935 4054 2012 4104 mo·
2072 4123 2078 4132 ¹

303 4201 428 4267 mento
447 4195 629 4280 induciae,
654 4195 730 4270 lato
754 4193 855 4291 cyclo
881 4193 977 4261 eirca
1000 4197 1112 4260 ataaea
1129 4207 1277 4280 apareae
1301 4193 1400 4270 eunt,
1423 4183 1480 4278 (a)
1500 4187 1669 4258 arteriam
1696 4191 1918 4268 evacuatam,
1947 4181 2012 4280 (b)
2127 4275 2134 4284 ·

302 4369 431 4421 vanam
452 4351 626 4446 aangnlne
644 4353 831 4445 atagnama
855 4343 1041 4438 impletam
1058 4337 1267 4438 significat.)

107 4555 194 4654 1:53,
222 4551 286 4634 06,
463 4543 553 4616 Para
588 4542 713 4615 eadem
751 4539 791 4614 in
827 4539 945 4612 eladio
984 4539 1197 4611 sanationis.
1250 4533 1282 4605 Α
1313 4532 1443 4604 rivulis
1475 4533 1579 4627 pnria
1599 4529 1861 4626 parenebyma‚
1905 4531 2006 4626 qnod

302 4704 467 4791 partem,
500 4698 579 4794 igni
609 4695 785 4778 deletam,
830 4695 997 4786 proxime
1026 4688 1214 4786 cingebat,
1250 4688 1397 4759 tandem
1422 4685 1596 4771 solvitur,
1639 4685 1727 4756 ‹lnm
1745 4689 1793 4755 in
1824 4707 1896 4781 pua
1922 4708 2006 4758 con·

302 4853 395 4924 verti
426 4850 582 4925 videtur.
640 4847 747 4922 Parte
773 4846 957 4930 abstersa,
995 4847 1098 4942 pnria
1123 4843 1231 4915 rivuli
1258 4837 1391 4912 aenaim
1425 4843 1709 4936 extinguuutnre
1754 4836 1884 4912 turbae
1912 4860 2002 4914 nero

1411 4987 1462 5071 16
