4800 6194
1154 530 1222 700 or

327 787 398 862 bas
417 778 741 882 metamorphoscs
765 768 973 887 observari,
998 773 1271 867 convellitur,
1303 797 1371 848 seu
1404 770 1525 874 pinna
1540 784 1753 864 resecatur,
1778 765 1912 844 eadem
1930 794 2022 844 con·

328 941 478 1042 tingunt
499 937 776 1042 phaenomena.

240 1152 327 1235 2⁶0·
493 1107 579 1182 Hoc
610 1103 907 1208 experimentum
946 1123 1095 1174 mecum
1125 1095 1387 1202 perpendens,
1432 1095 1474 1169 iu
1505 1094 1730 1174 animalibus
1761 1094 2021 1180 inferioribus,

319 1265 461 1366 'quibus
483 1261 612 1339 cordis
635 1277 674 1336 ct
695 1283 872 1336 rasorum
893 1255 1078 1358 majorum
1102 1254 1249 1330 functio
1281 1251 1502 1356 imperfecta
1526 1266 1638 1342 esset,
1664 1267 1728 1326 aut
1755 1249 1916 1345 deesset,
1950 1254 2022 1327 cir·

327 1421 559 1498 culatiouem
579 1419 778 1494 humorum
810 1432 850 1490 et
876 1413 1057 1490 materiae
1084 1410 1384 1486 vicissitudinem
1414 1409 1552 1484 eodem
1588 1407 1705 1483 modo
1729 1405 1881 1508 perlici,
1907 1433 1954 1482 ac
1979 1408 2016 1480 in
2150 1403 2160 1426 '

324 1579 505 1686 piscibus,
522 1575 565 1650 in
587 1573 724 1675 quibus
742 1571 946 1644 bunuorum
967 1583 1091 1641 motus
1116 1591 1139 1640 a
1162 1566 1279 1642 cordo
1297 1541 1378 1639 non
1400 1563 1559 1666 amplius
1579 1579 1820 1636 coerceretur
1842 1581 1881 1638 et
1904 1564 1944 1638 iu
1961 1591 2022 1668 sy·

325 1751 444 1808 stema
462 1732 755 1834 conjungeretur
760 1754 775 1824 3
807 1749 881 1800 nec
903 1723 1027 1802 miuus
1050 1747 1271 1828 processum
1294 1723 1397 1798 hune
1418 1718 1610 1819 sanguinis
1634 1718 1734 1796 ritae
1760 1718 1913 1794 muana
1937 1745 2021 1798 esse
2050 1764 2060 1776 .

325 1873 608 1990 argumcritum,
635 1834 794 1960 credidi.

238 2047 327 2129 261.
493 2041 536 2116 G.
561 2043 706 2114 Motum
728 2038 921 2141 sanguinis
946 2039 986 2114 in
1007 2038 1110 2113 ranis
1136 2033 1367 2146 aspbyctieis
1400 2027 1609 2106 observari.

498 2195 652 2289 limae,
677 2221 776 2296 quae
797 2215 870 2296 per
891 2193 1048 2301 longum
1072 2213 1220 2297 tempus
1252 2191 1292 2264 in
1323 2187 1439 2282 vitro,
1466 2210 1566 2288 aqua
1590 2203 1646 2258 et·
1659 2195 1748 2260 aere
1772 2185 1928 2288 impuris
1949 2186 2017 2262 im·

326 2343 435 2439 buto,
454 2347 628 2425 reclusae
645 2369 766 2446 eram,
791 2351 1011 2454 aspbyriam
1037 2352 1128 2429 inde
1156 2359 1433 2424 contraxerunt
1484 2345 1529 2416 Iu
1557 2367 1671 2442 quam
1692 2339 1892 2436 adductae,
1917 2370 2016 2418 uou-

326 2500 472 2596 nullae,
509 2529 582 2579 aeu
603 2523 787 2607 punctae,
811 2505 945 2581 leuiter
968 2521 1190 2606 tergorum,
1215 2501 1290 2594 ita,
1313 2517 1357 2574 ut
1380 2495 1635 2572 musculorum
1659 2493 1822 2571 vibratio
1844 2513 1928 2572 orta
1949 2498 1999 2572 sit
2004 2527 2018 2594 3

324 2654 367 2726 in
391 2655 476 2730 aliis
493 2683 586 2733 vero
602 2661 809 2736 reactionis
829 2687 881 2735 na
898 2660 1096 2760 vestigium
1115 2655 1269 2758 quidem
1285 2651 1492 2728 observavi.
1538 2653 1583 2724 Iu
1600 2650 1705 2724 ranis
1722 2651 1915 2750 prioribus
1931 2611 2021 2726 san·-

326 2808 451 2908 guinis
478 2811 641 2918 circulus
663 2831 723 2890 sat
744 2813 879 2888 alacris
907 2815 1031 2888 adbuc
1055 2807 1340 2915 perficiebatur,
1366 2804 1458 2878 licet
1480 2820 1605 2878 motus
1628 2805 1790 2879 normali
1806 2805 1948 2904 lentior
1975 2809 2016 2884 et

325 2961 559 3063 inaequalis,
583 2991 749 3067 vasaque
775 2967 942 3043 relaxata
968 2983 1107 3044 essem.
1156 2963 1289 3040 Pulsus
1319 2957 1489 3057 singulos
1519 2976 1558 3032 et
1583 2959 1825 3059 irregulares,
1851 2979 2013 3037 motum·

323 3139 399 3216 que
420 3141 536 3220 saepe
561 3121 749 3196 inversum
775 3121 816 3193 iu
841 3121 948 3195 venis
978 3139 1018 3196 et
1040 3121 1139 3197 vasis
1164 3116 1375 3192 minoribus
1397 3115 1566 3220 percepi.
1618 3117 1764 3210 Rauca,
1807 3117 1875 3194 tali
1896 3121 2013 3198 modo
2063 3097 2066 3111 Ι

262 3333 266 3341 ,
325 3267 499 3367 affectas,
525 3273 625 3348 vitae
651 3275 787 3349 iterum
806 3299 974 3364 cenare,
999 3274 1091 3348 mihi
1118 3273 1289 3371 contigit.

235 3439 323 3517 202,
491 3428 574 3502 Nec
595 3427 718 3504 minus
740 3431 782 3504 in
799 3429 904 3503 ranis
927 3429 1067 3521 alteris,
1087 3452 1186 3528 quae
1210 3423 1464 3526 irritabilitate
1478 3425 1732 3500 musculorum
1752 3447 1834 3502 non
1857 3430 2016 3532 amplius

323 3586 549 3685 gaudebant,
574 3603 718 3659 motum
738 3585 933 3685 sauguinis
957 3585 1162 3690 aspbyriae
1182 3581 1425 3683 purissimae
1446 3578 1686 3684 superstitem
1707 3582 1797 3674 vidi,
1820 3583 1916 3660 licet
1936 3611 2015 3661 ms·

326 3744 425 3816 xime
446 3740 689 3841 irregularem
706 3759 745 3815 et
760 3739 1020 3842 inaequalem,
1051 3741 1128 3812 imo
1145 3763 1278 3812 ranam
1293 3761 1408 3809 unum
1426 3753 1516 3838 post
1536 3734 1681 3838 aliquot
1696 3737 1811 3812 boras
1830 3739 1880 3812 ad
1899 3743 2016 3816 vitum
2120 3747 2128 3756 '

319 3895 464 3970 reduxi.
513 3893 576 3970 ali
600 3922 691 3992 vcro
714 3895 864 3972 resecui
881 3895 1015 3998 pedes,
1037 3911 1081 3968 ιιι
1099 3919 1253 3980 nervum
1276 3891 1419 3970 irritem
1442 3889 1699 3968 ischiadicum.
1753 3891 1826 3966 Hic
1849 3899 2012 3972 reactio·

254 4015 260 4028 ⁹
320 4051 382 4124 uis
410 4076 490 4123 nou
519 4049 627 4124 dedit
654 4067 786 4142 notas,
820 4051 893 4126 etsi
920 4063 1047 4124 motus
1076 4045 1328 4122 oscillatorius
1354 4046 1397 4120 iu
1427 4045 1646 4122 membrana
1668 4051 1856 4124 natatoria
1887 4051 2012 4128 adbuc

321 4219 492 4294 restaret,
518 4205 585 4302 qui
603 4203 744 4278 sensim
760 4203 997 4280 solummodo
1023 4200 1321 4302 extinguebatur.
1373 4199 1468 4274 Ideo
1489 4203 1683 4300 sanguinis
1712 4221 1849 4298 motus,
1869 4206 1903 4280 si
1923 4233 2009 4282 uer·
2135 4286 2140 4312 1

320 4380 453 4430 rorum
471 4356 574 4430 aetio
596 4355 745 4430 sublata
767 4374 847 4450 est,
871 4355 963 4431 inde
983 4383 1066 4432 nou
1086 4355 1239 4458 penitus
1255 4353 1409 4430 tollitur.
1451 4359 1456 4366 '

226 4511 313 4593 263.
479 4511 528 4586 D.
553 4509 597 4584 si
610 4509 750 4597 animal
765 4537 811 4586 ex
830 4509 966 4604 morbo
982 4512 1149 4612 quodam
1163 4511 1324 4588 mortem
1339 4511 1517 4606 subierat,
1541 4510 1739 4612 sanguinis
1751 4516 2011 4596 conditionem

316 4665 358 4738 in
380 4661 454 4737 illis
475 4663 666 4765 partibus,
693 4691 793 4766 quae
814 4639 938 4740 uiorbi
957 4665 1070 4740 sedes
1088 4685 1213 4760 erant,
1248 4667 1406 4762 stillis,
1440 4694 1540 4770 quae
1569 4671 1704 4748 morbo
1726 4639 1834 4748 baud
1851 4673 2010 4755 affectae
2107 4657 2111 4664 .

249 4809 251 4812 ’
317 4834 448 4908 eraut,
473 4817 592 4892 multa
613 4836 703 4920 post
731 4839 891 4895 mortem
924 4819 1076 4894 differre
1105 4819 1315 4942 observari.

1302 4977 1377 5075 9!
