4800 6194
1132 611 1192 684 ‚15

247 785 307 862 ⁶³·
396 835 403 854 ·
481 811 578 882 Dum
594 807 691 880 heco
720 805 984 906 phaenomena
1011 803 1051 874 in
1084 801 1236 874 interno
1259 813 1379 878 tuoto
1403 797 1658 894 abrolrmtur,
1683 799 1724 878 in
1741 817 1897 876 externo
1931 820 2009 876 tur·

315 965 386 1038 bac
419 959 660 1058 conlurionia
682 958 823 1034 aenaim
846 956 1003 1058 placari,
1022 953 1097 1053 jam
1124 955 1199 1030 dixi
1206 982 1221 1051 3
1247 953 1519 1058 placunderum
1539 981 1631 1036 tero
1643 955 1843 1032 methodus
1851 955 2010 1059 simplex

316 1133 386 1190 eat.
410 1115 611 1188 --Primo
636 1129 760 1188 motua
785 1067 943 1186 rolritur
963 1109 1212 1212 perturbatio,
1238 1135 1337 1212 quer
1361 1124 1501 1207 motam
1525 1128 1605 1186 tum
1628 1111 1783 1214 sanguis
1805 1111 2015 1212 aequaliter

250 1267 456 1367 69.nbique
470 1229 606 1341 iterum
619 1231 871 1342 distribuitur.
900 1264 1020 1340 Simul
1030 1283 1155 1339 motus
1168 1263 1398 1338 imminuitur
1404 1265 1587 1367 rapiditaa
1596 1266 1744 1342 etunda
1756 1265 1906 1342 canales
1920 1264 2015 1340 dila·

315 1437 414 1494 tutos
425 1445 504 1493 non
513 1419 687 1521 explente
697 1418 864 1522 quidem,
875 1433 1039 1492 attamen
1049 1419 1265 1516 corrigitm.
1296 1417 2017 1522 Eodemlgiturredeuntmetamorpho·
2141 1401 2148 1412 ’

313 1599 376 1648 sea
402 1574 549 1666 ordine,
576 1599 651 1676 quo
681 1572 958 1660 excolebantur,
1001 1589 1041 1646 et
1067 1595 1193 1646 reraua
1226 1569 1391 1646 vulneris
1432 1574 1640 1672 marginem
1663 1573 1783 1673 magia
1815 1573 2010 1672 magisque

313 1727 592 1800 imminuuntur.
649 1729 752 1802 Vasa
795 1753 886 1803 vero
930 1752 955 1802 a
1014 1723 1253 1802 confusionia
1298 1723 1419 1800 turbis
1462 1727 1627 1800 extincta
1679 1752 1745 1801 eeu
1788 1724 2015 1826 profundior

311 1897 471 1972 mutata,
521 1883 670 1956 restitui
702 1906 783 1954 non
823 1879 983 1984 amplius
1020 1897 1196 1982 possunt·
1231 1919 1283 1936 -·
1315 1881 1377 1954 Ad
1415 1881 1697 1982 suppurationis
1731 1877 1845 1952 finem
1870 1894 2014 1966 motus,

317 2035 419 2107 circa
442 2033 577 2108 vulnua
592 2034 833 2126 acceleretur,
860 2052 911 2108 et·
936 2034 977 2106 in
996 2034 1189 2110 modicum
1208 2033 1409 2108 restrictus
1430 2033 1621 2126 ambitum,
1653 2035 1693 2108 in
1718 2051 1838 2108 atrato
1861 2049 2017 2104 externo

308 2171 415 2262 solui
439 2204 575 2278 restat,
618 2187 683 2286 qui
706 2188 858 2290 carpino
882 2187 960 2288 jam
983 2212 1103 2262 novar
1128 2185 1273 2260 inducit
1295 2187 1630 2289 metamorphoaea,
1655 2213 1753 2289 quae
1781 2185 2018 2260 sanationem
2156 2217 2160 2224 ·

309 2339 482 2414 indicant
506 2339 773 2414 imminentem.

110 2474 115 2498 ⁸
239 2479 301 2543 ⁷⁰·
474 2493 600 2567 Motus
626 2495 912 2595 suppuratorius
939 2497 979 2568 in
1005 2493 1176 2569 cobitide
1213 2493 1351 2570 eodem
1380 2493 1535 2596 quidem
1582 2491 1789 2568 absolvitur
1832 2507 1938 2594 typo,
1974 2517 2019 2568 oo

123 2608 132 2624 ο
308 2646 348 2716 in
372 2671 483 2738 rana,
524 2646 594 2721 aed
633 2647 766 2739 rivuli,
864 2649 977 2722 enula
1024 2664 1070 2724 at
1119 2667 1200 2724 rete
1255 2650 1378 2752 iprum
1421 2649 1548 2722 minua
1588 2644 1809 2720 excoluntur
1841 2663 1882 2720 et
1923 2663 2011 2720 sunt

307 2797 617 2872 indeterminata.
640 2801 946 2899 -Suppuratio
990 2802 1090 2874 mala
1133 2802 1172 2873 in
1208 2800 1378 2876 cubitidc
1403 2825 1484 2874 non
1522 2799 1720 2898 contingit,
1757 2823 1872 2898 quum
1897 2822 2004 2899 pars,

137 3019 140 3028 .
268 3053 273 3064 ι
306 2951 526 3051 prinsquam
562 2951 873 3052 suppurationem
906 2952 1043 3026 malum
1083 2951 1238 3046 subiret,
1293 2955 1333 3026 in
1354 2950 1535 3028 nemoain
1563 2967 1766 3039 vertertur,
1802 2918 1911 3050 quae·
1939 2947 2015 3024 fre·

308 3105 557 3202 quentiaoima
583 3119 651 3178 eat.
677 3147 731 3160 -
779 3107 823 3177 ln
848 3129 943 3179 rana
984 3108 1154 3182 necrosia
1196 3111 1319 3180 minua
1354 3124 1413 3180 est
1445 3105 1640 3206 frequens.
1677 3143 1730 3160 -
1770 3101 1882 3178 Circa
1928 3103 2016 3182 loca

307 3258 502 3368 necrotica
528 3269 651 3331 motus
682 3258 866 3332 excolitur
890 3261 1174 3362 suppuratorius
1193 3260 1359 3333 eximius.

248 3427 310 3490 tt.
483 3465 608 3536 Motu,
635 3466 890 3565 ,uppmatorii
917 3464 1098 3539 duramen
1123 3467 1243 3538 variat
1277 3482 1390 3562 atque
1414 3488 1464 3541 eo
1504 3465 1617 3542 citiua
1651 3466 1751 3544 liniri
1776 3469 1893 3564 uolet,
1931 3495 2010 3572 quo

310 3631 393 3688 erat
408 3611 561 3688 affectio
583 3615 719 3690 levior.

246 3777 304 3842 ⁷²·
473 3795 518 3866 ln
543 3745 764 3870 membrani
787 3799 975 3873 natatoria
998 3823 1115 3874 ranae
1140 3797 1255 3872 etiam
1279 3796 1407 3873 ulcera
1423 3797 1631 3894 observari,
1657 3825 1756 3902 quae
1780 3821 1887 3881 motu
1923 3831 2012 3909 gau·

313 3943 456 4020 debant
481 3950 750 4050 suppuratorio
776 3952 925 4042 eximio,
950 3971 989 4028 et
1013 3951 1220 4028 rivulorum
1244 3952 1319 4026 reti
1344 3952 1453 4030 raldo
1480 3955 1639 4030 excubo.

640 4235 682 4296 c.
742 4209 1257 4342 Momentum
1316 4210 1683 4331 quietio.

235 4444 294 4509 τε.
473 4429 580 4504 Motu
606 4435 872 4536 suppuratorio
900 4435 1065 4510 extincto
1082 4435 1247 4510 vulneris
1280 4436 1498 4540 superficies
1522 4437 1727 4542 deputatur
1752 4459 1791 4518 et
1814 4445 2004 4545 margines

302 4581 377 4684 ipsi
400 4583 662 4660 rotundantur.
743 4567 753 4580 ’

238 4777 300 4838 ⁷⁴·
469 4793 577 4868 Motu
600 4799 868 4898 suppuratorio
893 4797 1099 4874 lloceornrn
1110 4817 1149 4874 et
1171 4801 1439 4902 particularum
1456 4802 1685 4880 formatione
1701 4805 1781 4906 jam
1806 4803 2002 4900 concluso,

306 4937 513 5020 floccorum
536 4949 989 5064 migratiointereipitur.
1015 4991 1066 5010 -
1091 4955 1303 5032 Particulae
1337 4956 1443 5057 ipsae
1491 4957 1740 5060 turgidjorem
1778 4960 1940 5038 iuduunt
1965 4983 2005 5042 et
