4800 6194
1222 607 1292 670 ‘14

295 833 298 837 ·
356 893 359 898 Ι
420 793 622 872 affectione
647 794 845 888 ulteriore,
870 791 1076 896 praecipue
1097 817 1188 868 vero
1214 791 1263 868 ad
1287 793 1450 900 partium
1474 794 1701 894 marginem,
1729 817 1827 896 qrrac
1852 815 1940 872 sunt
1971 788 2149 876 nister·

303 1015 306 1021 .
416 948 563 1052 gandae
575 1005 587 1044 ,
614 949 749 1024 mirum
774 965 956 1052 quantum
979 946 1212 1026 excoluntur.

343 1147 403 1224 64.
521 1193 527 1208 »
579 1157 678 1230 Dum
703 1156 845 1232 sensim
870 1155 1095 1260 elongantur
1117 1155 1245 1248 riruli,
1273 1153 1347 1230 sibi
1374 1168 1595 1246 occurrunt,
1633 1177 1748 1254 quum
1776 1179 1907 1256 parum
1944 1157 2044 1232 inter
2069 1182 2112 1234 se

412 1310 613 1385 interstitia
654 1312 805 1386 distent.
867 1313 976 1387 Tunc
1015 1309 1310 1386 inosculantium
1345 1326 1427 1384 rete
1453 1307 1574 1382 oritur
1596 1306 1820 1400 rivulorum,
1847 1310 1951 1410 quod
1981 1311 2020 1383 in
2047 1336 2107 1386 ex·

412 1465 523 1539 ordio
549 1466 707 1540 maxime
734 1483 791 1539 est
817 1463 1004 1539 incertum
1041 1481 1195 1538 etmotu
1222 1461 1359 1562 gaudet
1381 1460 1730 1563 imperfectissimo,
1765 1460 1831 1559 qui
1869 1463 1986 1563 magis
2029 1489 2108 1540 mn·

415 1611 549 1718 gisipue
575 1620 785 1719 corrigitur.
836 1621 961 1692 Motus
986 1643 1077 1692 roro
1102 1615 1325 1691 oscillatorii
1349 1615 1504 1689 nomine
1527 1607 1566 1688 in
1598 1609 1708 1689 initio
1723 1615 1851 1688 ornari
1877 1615 1938 1691 rix
1957 1634 2100 1718 potest,

414 1797 528 1870 quum
565 1771 762 1846 evanidam
796 1772 919 1847 adhuc
962 1785 1100 1846 serret'
1125 1787 1310 1862 naturam,
1353 1795 1465 1869 quam
1488 1769 1588 1844 lente
1624 1769 1840 1872 deponens,
1875 1770 2104 1852 oscillationi
2193 1775 2195 1780 ’
2284 1841 2287 1848 .

412 1925 566 1999 tandem
589 1927 746 2028 propius
773 1926 935 2003 accedit.
985 1925 1092 1998 Motu
1123 1922 1354 1998 oscillatorio
1388 1922 1548 2015 exculto,
1574 1924 1689 1998 etiem
1713 1923 2020 2026 corpusculorum
2051 1925 2108 2008 in,-
2138 1935 2143 1948 “

410 2079 550 2154 crescit
575 2079 874 2172 individualitas,
913 2097 952 2152 ct
988 2077 1112 2152 forma
1146 2077 1371 2176 granulosae
1403 2079 1562 2154 accedit.
1624 2081 1748 2182 Quum
1786 2057 1885 2153 vero*
1911 2077 2021 2154 rivuli
2050 2075 2106 2153 di·

409 2232 508 2304 versi
531 2256 613 2305 non
640 2231 777 2306 eodem
810 2256 939 2306 omnes
980 2229 1202 2304 excoluntur
1238 2229 1379 2330 gradu,
1414 2255 1564 2334 semper
1614 2231 1751 2307 eximia
1792 2210 1927 2330 regnat
1958 2231 2001 2306 in
2031 2231 2115 2336 reti

407 2400 532 2458 motus
559 2401 597 2458 et
623 2382 770 2459 formae
797 2383 1061 2484 inaequalitas.

336 2598 402 2677 65.
473 2593 474 2602 ’
513 2551 517 2572 ¹
573 2591 671 2664 Dum
693 2592 756 2666 hic
780 2590 972 2693 perficitur
996 2606 1120 2665 motus
1143 2547 1430 2692 suppuratorinr
1457 2587 1507 2662 ad
1532 2587 1696 2665 vulneris
1734 2592 1953 2691 marginem,
1981 2593 2099 2693 parti·

296 2736 300 2748 '
407 2741 514 2818 culae
541 2725 1135 2848 abstergunturparenchymatis
1152 2743 1331 2844 singulae.
1382 2743 1454 2818 Hic
1477 2766 1677 2845 processus
1697 2772 1744 2823 co
1758 2773 1878 2849 usque
1906 2748 2100 2846 perdurat,

402 2895 531 2973 donec
556 2900 663 2972 strati
690 2899 832 2972 externi
857 2897 991 2972 turbae
1021 2877 1161 2974 sensim
1197 2914 1285 2973 sunt
1324 2895 1509 3000 placatae.
1573 2898 1722 2975 Placari
1763 2903 1889 2977 solent
1915 2903 2099 3006 partibus,

405 3051 631 3153 profundius
655 3053 819 3162 mutatis,
845 3051 1034 3128 abstersis.
1061 3007 1484 3164 Portcstabstertgendae
1500 3050 1617 3125 modo
1633 3051 1803 3155 majores
1844 3057 1959 3133 modo
1980 3059 2103 3134 mino·
2208 3041 2213 3056 .

403 3234 464 3282 res
491 3225 604 3302 suut3
629 3209 715 3281 ideo
742 3207 855 3279 etiarn
878 3204 1082 3278 rivulorum
1106 3221 1187 3278 rete
1214 3203 1460 3306 plus,·minus
1486 3205 1628 3298 excoli,
1649 3230 1810 3282 neccsse
1839 3224 1908 3284 est.

294 3453 298 3459 ·
332 3442 403 3522 gg·
570 3413 730 3514 Saepius
755 3437 846 3486 vero
870 3409 923 3503 fit,
946 3428 990 3482 ut
1015 3406 1214 3484 affectione
1240 3410 1458 3510 gravissima
1480 3409 1866 3514 maculac'dispersae,
1898 3415 1997 3488 ritae
2021 3431 2098 3490 tur-

403 3591 495 3664 gore
519 3567 680 3640 maxime
701 3565 890 3668 privatae,
931 3563 1225 3666 metamorphosi
1261 3558 1329 3638 tali
1358 3561 1578 3654 subeundae
1612 3589 1692 3648 nou
1715 3565 1793 3638 sint
1815 3591 1940 3668 pares.
1998 3569 2096 3644 Nam

401 3736 543 3795 motum
562 3721 714 3820 quidem
740 3717 971 3792 constituere
996 3734 1191 3809 conantes,
1217 3715 1360 3824 floccos
1385 3719 1570 3810 emittunt,
1597 3719 1664 3818 qui
1701 3743 1803 3811 vero,
1830 3721 1940 3795 sicuti
1980 3724 2095 3822 parti-

401 3871 507 3944 culae
534 3873 640 3976 ipsae
648 3927 660 3966 ,
685 3871 932 3975 depauperati
954 3887 1050 3963 sunt,
1077 3887 1115 3944 et
1132 3869 1272 3976 ubique
1307 3867 1491 3947 diffluunt.
1562 3872 1823 3972 Parenohyma
1856 3875 1964 3974 quasi
2005 3901 2092 3949 sero

402 4025 567 4128 quodam
591 4027 831 4100 intertextum
850 4051 932 4100 esse
967 4025 1125 4117 videtur,
1161 4023 1265 4126 quod
1299 4017 1502 4122 p'articulns
1543 4019 1718 4126 cingens,
1755 4023 1962 4100 floccorum
1990 4029 2092 4100 vices

400 4203 542 4276 gerere,
594 4204 639 4254 ac
663 4179 766 4273 hinc,
817 4181 921 4254 illinc
947 4180 1114 4281 dispergi
1139 4195 1177 4252 et
1203 4177 1330 4280 colligi
1355 4173 1513 4284 videtur,
1555 4175 1658 4251 nulla
1683 4177 1851 4278 gaudens
1867 4179 1962 4280 lege.
1986 4179 2089 4255 Talis

399 4348 523 4406 motus
548 4335 836 4435 suppuratorius
853 4335 1015 4438 partium
1043 4331 1291 4406 dissolutione
1307 4349 1364 4406 est
1388 4332 1560 4434 stipatus,
1586 4331 1656 4406 sed
1681 4357 1754 4405 nec
1767 4331 1921 4406 ulterius
1950 4331 2085 4427 erolvi,

399 4509 471 4558 nec
496 4487 703 4581 perdurare
741 4503 881 4589 potest.
933 4484 1010 4560 Sed
1050 4483 1170 4558 turbis
1212 4473 1484 4584 aliquantillum
1519 4485 1690 4590 placatis,
1723 4512 1844 4588 propo
1877 4487 2084 4584 marginem
2209 4477 2213 4486 ⁵

400 4653 594 4711 arternum
618 4639 888 4740 particularum
913 4639 1113 4738 corrigitur
1137 4609 1307 4731 indolcs,
1333 4664 1432 4738 quae
1457 4655 1547 4712 tuuc
1572 4599 1623 4713 ad
1659 4641 1861 4715 interstitia
1903 4611 2087 4738 colligun-

399 4805 470 4863 tur.
522 4795 575 4864 Ex
604 4794 814 4870 interstitiis
840 4793 949 4866 rivuli
975 4791 1201 4886 formantur,
1229 4809 1267 4867 et
1302 4791 1351 4868 ad
1376 4793 1467 4867 retis
1493 4793 1699 4870 rivulorum
1724 4796 1932 4894 mur'ginem
1956 4809 2086 4893 portes

398 4941 648 5045 degeneratae
672 4948 826 5024 tandem
841 4946 1113 5047 absterguntur.
1139 4987 1191 5004 —
