4848 6194
1171 557 1234 658 ns,
1352 611 1359 630 .

349 769 486 874 quibus
510 769 696 844 undarum
723 763 827 868 prius
863 765 1127 840 continuarum
1151 758 1281 861 pulsus
1307 753 1660 830 animadvertebam.
1726 731 1876 834 Pulsus,
1923 743 2047 844 primu

349 917 541 1026 aequales,
570 949 656 998 mor
673 918 895 1018 irregtdnres
913 933 950 990 et
965 873 1182 1016 inaequales
1197 911 1302 1026 liunt,
1329 910 1415 982 dum
1427 909 1574 984 invasis
1585 900 1795 980 minoribus
1809 899 1913 972 nullu
1924 899 2047 974 adhue

346 1093 541 1178 emergunt
579 1073 727 1148 damna.
778 1069 955 1145 Iuvenis
986 1064 1118 1168 pulsus
1151 1089 1231 1136 non
1263 1062 1494 1154 sentiuntur3
1529 1059 1598 1132 sed
1621 1073 1744 1130 motus
1771 1055 1904 1129 turbae
1940 1055 2045 1130 nullo

347 1231 531 1308 obediunt
546 1247 651 1332 typo.
701 1222 873 1300 Tandem
892 1219 1035 1316 turbae,
1060 1213 1307 1313 amajoribua
1320 1215 1418 1294 vasis
1432 1211 1651 1316 profectae,
1679 1209 1793 1282 etiam
1805 1209 1961 1282 minima
1981 1209 2048 1282 ad·

346 1385 509 1490 tingunt.

260 1603 347 1678 2514·
515 1607 752 1685 Pulsationes
783 1607 943 1684 maxime
975 1603 1194 1718 inaequales
1226 1601 1266 1676 in
1302 1598 1558 1677 oscillationea
1585 1609 1794 1670 transeunt.
1846 1589 2043 1666 Oscillatio

352 1787 399 1840 en
410 1779 467 1838 est
477 1763 648 1861 insignis,
672 1757 1575 1864 utcirculidireetioneapromiseueinvertantur.
1626 1751 1751 1826 Primo
1766 1751 1804 1822 in
1814 1771 2041 1848 magunum·

356 1916 438 1990 bitu
447 1916 556 1990 simul
563 1918 806 2007 invertuntur,
825 1915 1044 2018 quomirum
1056 1913 1206 1986 iuranis
1221 1911 1415 1986 exhibetur
1422 1909 1738 2012 phaennmanum,
1763 1902 1869 2005 quod
1885 1903 2042 1978 arteno-

305 2167 333 2188 ..
352 2094 479 2146 sorum
502 2088 540 2143 et
561 2093 788 2145 rennsorum
810 2085 1029 2142 truncorum
1051 2085 1299 2142 ettenorum
1322 2063 1532 2138 directione
1548 2039 1713 2136 ¹relativa
1733 2059 1898 2149 inversa,
1924 2075 2058 2134 motus,

361 2221 563 2298 arteriasue
584 2222 625 2295 in
645 2245 838 2314 veuosum,
864 2245 1026 2298 venosus
1047 2221 1088 2293 in
1112 2219 1335 2294 arteriarum
1351 2233 1424 2294 ete.
1441 2232 1604 2288 mutatus
1622 2239 1706 2289 essa
1724 2215 1908 2292 videatur.
1959 2217 2048 2292 Μο.

360 2393 421 2450 tus
453 2399 541 2450 vero
580 2373 752 2448 inversus
790 2399 871 2448 nnn
907 2389 1067 2470 perstat,
1110 2373 1181 2445 aad
1213 2371 1363 2474 saepius
1401 2369 1618 2463 revertitur,
1657 2385 1701 2442 ut
1739 2370 1842 2443 undu
1879 2395 1901 2444 a
1935 2373 2050 2446 ramis

360 2529 403 2603 in
422 2545 577 2604 uuncoa
594 2523 743 2614 redeat,
770 2493 795 2599 a
816 2524 953 2627 quibus
976 2525 1094 2601 modo
1112 2525 1324 2602 recesserit.

527 2750 607 2826 Sed
643 2751 756 2825 etiam
782 2747 971 2826 oscillatio
1008 2749 1132 2852 primo
1166 2749 1300 2825 alacris
1332 2751 1473 2826 sentim
1511 2745 1742 2844 exhauritur,
1791 2746 1878 2826 dum
1904 2757 1945 2826 in
1970 2777 2050 2826 are·

361 2907 461 2986 tiore
474 2931 624 3008 semper
637 2902 843 2980 recluditur
856 2899 978 3006 spatia
995 2919 1168 2979 etmotus
1183 2901 1508 2978 circumvolventis
1528 2903 1628 2977 exuit
1643 2903 1893 3005 rapiditatem.
1929 2903 2050 2979 03οῆ-
2138 2987 2144 3006 ⁸

359 3061 454 3144 latio
479 3059 519 3132 in
542 3057 641 3134 vasis
660 3055 825 3132 minimis
845 3055 988 3159 pariter
1009 3080 1054 3132 ae
1076 3055 1117 3128 in
1138 3056 1237 3131 vasis
1259 3057 1430 3130 maximis
1447 3053 1656 3157 peragitur,
1684 3056 1753 3132 sed
1770 3075 1894 3134 motus
1917 3060 1957 3132 in
1978 3059 2051 3138 illis

360 3211 479 3287 multo
500 3210 651 3311 longius
672 3209 811 3286 faeiem
831 3208 1041 3311 regularem
1064 3233 1157 3314 prae
1179 3209 1341 3303 sedan,
1370 3236 1482 3310 quarn
1502 3211 1542 3284 in
1564 3211 1637 3288 his.

266 3432 355 3501 255.
524 3417 697 3494 Tandem
719 3419 880 3494 arteriae
899 3437 938 3493 et
954 3443 1043 3494 vasa
1059 3419 1254 3494 minimae
1271 3419 1456 3518 globulis,
1480 3423 1686 3522 praecipue
1703 3422 1743 3494 iu
1764 3419 1917 3498 animali
1935 3449 2048 3524 gene·

362 3572 532 3666 rosione,
549 3573 711 3646 maxima
738 3597 782 3646 ex
797 3587 905 3674 parte
929 3588 1168 3648 evacuantur.
1218 3573 1268 3645 Hi
1291 3573 1331 3644 in
1355 3573 1461 3648 renis
1478 3542 1765 3672 *epacarvantun
1816 3577 1894 3684 Sed
1908 3579 2050 3678 globuli

363 3725 504 3826 singuli
520 3739 669 3798 norum
688 3725 884 3828 proprium
907 3724 1077 3802 nondum
1100 3743 1255 3813 exuunt,
1280 3724 1352 3800 sed
1380 3729 1489 3828 quasi
1516 3729 1618 3805 eirca
1640 3755 1683 3804 se
1705 3731 1808 3832 ipses
1832 3731 1955 3807 adhue
1978 3736 2050 3822 eir—

363 3874 666 3972 eurnrnlruntur,
694 3877 816 3954 donee
832 3879 1157 3982 decompositione
1171 3880 1406 3973 imminente,
1441 3881 1607 3960 colorem
1623 3859 1855 3988 spurciorem
1878 3890 2048 3988 induant,

362 4030 415 4106 ad
436 4030 623 4130 margines
648 4030 690 4104 in
716 4055 841 4105 serum
870 4031 1062 4128 diffluant,
1097 4050 1136 4108 et
1161 4033 1202 4108 in
1222 4036 1372 4134 agmina
1392 4035 1564 4138 dispersa
1593 4039 1764 4135 collecti,
1783 4061 1941 4120 mutum
1966 4065 2047 4122 tan·

356 4181 443 4258 darn
466 4207 553 4258 cum
574 4181 722 4258 fabrica
744 4185 927 4288 peculiari
945 4186 1124 4288 perdant.

270 4393 359 4476 250.
525 4391 607 4466 Nee
624 4389 802 4494 distingui
816 4411 955 4498 potest,
980 4397 1348 4499 utrumglobulorum
1366 4421 1501 4498 motus,
1520 4399 1840 4512 anfabricaprius
1859 4405 2048 4509 delentur,

357 4543 425 4620 sed
449 4544 593 4646 glnbtdi
612 4550 697 4649 pari
714 4547 853 4649 gradu,
879 4575 956 4649 quo
979 4551 1316 4631 individualitutem
1333 4581 1438 4634 suum
1452 4559 1632 4662 perdunt,
1659 4565 1774 4639 etiam
1790 4579 1895 4642 motu
1916 4569 2046 4646 viden·

359 4715 418 4770 tur
437 4700 587 4800 privari.
642 4704 766 4778 Motus
786 4721 952 4803 perstat,
978 4706 1158 4806 quamdiu
1182 4710 1335 4808 genuini
1350 4723 1438 4785 suut
1453 4711 1607 4812 globuli.
1657 4715 1783 4792 Motus
1802 4742 1893 4799 vero
1918 4727 2047 4824 genui·

358 4875 428 4927 uus
465 4877 552 4927 eum
583 4853 692 4958 lapsu
721 4855 1028 4958 globulorum'iu
1064 4861 1278 4956 cunalibus,
1318 4863 1407 4940 dum
1439 4867 1621 4966 penderis
1662 4865 1809 4968 legibus
1845 4869 2045 4976 obediunt,

1452 5008 1490 5131 Ι9
