4838 6192
669 1275 1240 1464 Illustratz‘e
1301 1322 1687 1528 ieonum.

328 1785 494 1948 Aliqua
520 1863 725 1935 momenta,
764 1865 969 1926 memoratu
1006 1853 1137 1948 digua,
1177 1849 1345 1924 iconibus
1379 1851 1591 1924 illuatandra
1623 1858 1785 1948 suscepi,
1820 1875 1909 1950 quaa
1943 1860 2024 1950 ipae

220 2066 226 2080 .
327 2013 450 2076 erecte
490 2005 666 2106 delineari
699 2015 735 2078 et
772 2007 812 2080 in
848 2003 1007 2100 lapidem
1052 2004 1230 2080 transtuli.
1291 2004 1423 2076 leones
1467 2003 1619 2076 vitiosae
1655 2015 1693 2078 et
1729 2029 1880 2080 mancae
1914 2017 2020 2091 eunt3

282 2187 289 2196 ¹
330 2119 414 2230 ideo
453 2166 618 2230 naturam
655 2163 728 2252 ipsi
764 2163 982 2242 intueamini
1018 2169 1055 2229 et
1087 2159 1308 2240 observetis,
1354 2167 1509 2252 oportet.
1562 2159 1749 2244 Attamen,
1783 2162 1866 2232 lieet
1893 2164 2022 2230 icones

327 2311 439 2382 duces
459 2333 537 2383 non
563 2317 649 2396 sint,
673 2333 744 2406 pro
770 2314 883 2408 eiguie
910 2313 988 2384 elea
1008 2313 1179 2404 possunt,
1205 2331 1299 2404 quae
1323 2333 1344 2379 a
1370 2315 1493 2384 nimiis
1517 2309 1726 2404 phantasiae
1752 2312 1937 2384 erroribus
1962 2333 2022 2383 ca·

324 2471 442 2535 ceant.
494 2463 538 2533 lu
564 2463 779 2535 delineanda
804 2473 974 2535 naturam
1000 2471 1166 2544 strenue,
1200 2471 1378 2558 quantum
1405 2467 1528 2557 potui,
1556 2474 1703 2538 secutus
1730 2487 1834 2548 eum,
1861 2473 1897 2536 et
1920 2486 2022 2560 prae·

324 2615 513 2688 ferendum
548 2617 623 2688 esee
656 2622 801 2702 censui,
840 2588 962 2688 iconee
993 2611 1224 2710 imperfectae
1251 2617 1341 2698 elne,
1381 2623 1422 2686 et
1450 2637 1615 2686 maneam
1643 2627 1796 2688 naturae
1821 2621 2019 2714 imaginem

323 2769 511 2852 exhibere,
538 2791 648 2865 qrram
679 2772 759 2841 illas
797 2767 998 2840 elaboratae
1025 2777 1063 2838 et
1087 2764 1264 2860 perlectas
1289 2741 1450 2851 tradere',
1477 2769 1566 2838 dnm
1592 2769 1737 2853 arsid,
1764 2769 1863 2864 quod
1889 2777 2019 2840 natura

319 2945 394 2994 non
419 2921 578 3007 dederit,
611 2928 830 3016 apposuerit,
882 2901 1102 3015 0bjiciene,'
1128 2919 1264 3002 lineae,
1300 2941 1410 3014 quaa,
1443 2927 1486 2990 ut
1511 2918 1670 2990 formam
1695 2913 1924 3016 objectorum
1949 2921 2021 2992 cira·

316 3060 621 3160 cumscriberem,
663 3079 776 3158 traxi,
808 3077 919 3145 nimie
943 3091 1071 3166 vagae,
1110 3073 1186 3140 imo
1220 3068 1433 3142 diffluentes
1465 3069 1558 3154 else,
1596 3070 1696 3164 quod
1723 3069 1893 3142 concedo.
1944 3067 2017 3142 Sed

316 3249 429 3322 quum
456 3234 606 3310 naturae
631 3229 885 3300 certitudinem
910 3205 1053 3296 inritare
1078 3241 1153 3294 uon
1177 3222 1341 3317 poleem,
1366 3221 1486 3306 lineis,
1513 3230 1589 3294 arte
1614 3221 1828 3311 elaboratis,
1863 3229 1900 3292 et
1920 3179 2027 3290 mar-¹

316 3377 464 3476 ginilm
497 3383 737 3464 circumcisis,
778 3379 912 3475 quibua
942 3401 1018 3447 non
1044 3377 1194 3470 gaudet,
1231 3381 1399 3444 naturam
1441 3378 1587 3445 mentiri
1620 3327 1737 3448 uolui.
1788 3373 1870 3444 Tali
1894 3371 2010 3444 modo

316 3538 536 3628 spectatores
562 3531 732 3605 facillime
769 3531 809 3602 in
844 3551 984 3602 errores
1017 3527 1159 3610 induci,
1208 3524 1368 3608 credidi.
1412 3530 1550 3620 quippe
1596 3529 1662 3620 qui
1693 3523 1858 3596 additum
1889 3545 1918 3607 a,
1943 3533 2014 3596 tra-

316 3683 396 3756 dito
420 3706 495 3757 non
517 3685 674 3780 amplius
700 3681 922 3780 distinguere
945 3681 1103 3780 poscent.
1143 3673 1381 3774 Obiectorum
1412 3677 1632 3752 diametrum
1652 3653 1866 3776 oenginnee
1893 3695 2011 3772 neque

316 3839 363 3909 ad
388 3839 520 3911 centies
545 3845 583 3910 et
607 3839 726 3912 decies
749 3837 843 3910 auxi.

775 4285 784 4294 -
938 4235 1414 4356 Tabulal„

133 4463 237 4561 pig,
263 4478 297 4538 ι,
478 4443 585 4528 Pare,
608 4439 707 4540 'quau
731 4448 778 4522 ad
801 4449 1006 4544 marginem
1030 4445 1164 4540 pinnae
1189 4413 1325 4514 caudae
1348 4436 1517 4514 cubitidie
1542 4437 1673 4516 falcilia
1700 4443 1900 4512 extrenmm
1939 4437 2009 4510 eila

309 4604 375 4670 eet.
425 4593 522 4670 Vara
545 4592 702 4694 majora,
736 4606 892 4676 arteriae
926 4594 986 4699 (a)
1011 4606 1049 4672 et
1071 4615 1182 4669 venae
1216 4595 1279 4693 (b)
1305 4599 1354 4670 ad
1377 4598 1564 4670 radiorum
1586 4597 1719 4679 latera,
1751 4593 1821 4688 qui
1853 4607 1898 4660 ex
1922 4584 2008 4660 olai·

309 4751 400 4825 cnlia
423 4751 587 4848 perculta
612 4759 829 4841 mnatrueti,
854 4757 1002 4850 pinnam
1026 4773 1049 4824 a
1072 4759 1204 4824 manco
1229 4773 1356 4824 versun
1381 4748 1581 4847 marginem
1607 4743 1834 4822 terminalem
1858 4763 2006 4838 percur-

306 4915 414 4992 runt,
440 4917 526 4984 aunt
563 4905 922 5006 deportantem
955 4913 993 4980 et
1022 4907 1177 4980 arteriae
1199 4901 1329 4976 habitu
1358 4923 1489 5000 parum
1520 4907 1686 4979 interne
1716 4895 1908 4983 differunt,
1933 4901 2004 4982 ita,
