4838 6192
1065 518 1075 540 '¹
1190 535 1257 616 rto

201 739 275 834 ¹³58.
304 761 364 824 21.
505 831 508 840 ,
535 747 622 820 Pars
645 751 739 820 sacci
765 747 986 842 pulmonalis
1017 748 1175 819 tritonis.
1231 745 1408 816 Succusa
1435 767 1526 816 vena
1556 739 1616 841 (b)
1646 752 1681 816 et
1699 746 1827 818 arteria
1844 746 1913 848 ²(a)
1940 771 2081 848 magne,

382 925 478 996 quae
503 901 664 998 adsacci
683 899 793 972 tinem
821 922 970 972 coecum
1008 921 1046 972 se
1088 908 1260 996 tangunt,
1303 899 1611 996 longitudinaliter
1653 901 1887 993 percurritur.
1941 902 2081 978 Ambae

383 1059 600 1128 alternantes
626 1059 733 1124 rectis
752 1038 892 1150 ¹angulis
908 1075 1030 1126 ramos
1057 1057 1246 1139 emittunt,
1273 1077 1431 1152 quorum
1443 1055 1580 1170 ⁸venosi
1595 1054 1807 1139 arteriosos,
1833 1076 1899 1127 sau
1913 1057 1990 1128 vice
2007 1075 2083 1128 ver·

35 1303 38 1314 Ι
99 1283 114 1299 ,
243 1291 248 1296 ,
383 1232 441 1293 sa,
469 1211 570 1304 quasi
597 1206 785 1278 includunt
815 1229 881 1278 seu
906 1209 942 1277 in
964 1207 1084 1326 medic
1112 1211 1306 1302 excipiunt.
1356 1209 1524 1292 Globuli,
1550 1212 1588 1280 in
1606 1231 1726 1281 ramos
1749 1210 1939 1304 progressi,
1962 1207 2083 1280 subito

382 1361 521 1456 ubique
538 1369 771 1456 sparguntur3
798 1381 884 1428 nam
908 1360 1034 1432 omn'es
1051 1363 1143 1430 rami
1170 1361 1277 1432 cribri
1301 1363 1478 1433 adinstar
1499 1361 1690 1456 perforati,
1731 1361 1891 1456 globulis
1916 1361 1985 1431 iter
2001 1381 2084 1432 con·

288 1615 292 1620 ἡ
383 1513 539 1598 cedunt,
566 1509 631 1610 qui
653 1512 832 1584 celeritate
861 1511 959 1582 haud
986 1533 1096 1608 parva
1116 1517 1152 1599 in
1172 1525 1313 1588 vastum
1340 1524 1417 1587 rete
1439 1466 1607 1610 capillare
1624 1515 1810 1610 depluunt.
1861 1511 2086 1622 Exhoccol·
2119 1577 2125 1584 .

382 1671 487 1751 lecti,
514 1667 650 1762 ubique
675 1667 712 1736 in
743 1687 867 1749 venas,
898 1688 991 1761 quae
1028 1669 1239 1738 arteriarum
1266 1625 1455 1740 adinstar
1482 1635 1686 1768 perforatae
1714 1673 1817 1752 sunt,
1845 1641 1977 1736 lterum
2001 1687 2085 1737 con·

237 1861 246 1878 =
375 1819 523 1932 fluunt.
559 1820 802 1892 Globulorum
841 1841 908 1914 per
941 1828 1017 1893 rete
1050 1830 1193 1896 vastum
1224 1833 1347 1896 motus
1383 1845 1555 1922 praeceps
1591 1825 1658 1895 rita
1683 1793 1803 1918 pluvio
1843 1843 1956 1894 aureo
1987 1843 2084 1892 com·

377 1983 538 2070 paratur.

165 2137 283 2234 Τίς.
317 2151 378 2215 22.
548 2156 641 2264 Tres
667 2153 772 2228 flocci
800 2154 1058 2228 bracchiorum
1085 2161 1263 2232 tritonum
1288 2155 1488 2256 juniorum.
1538 2158 1701 2230 arteriae
1726 2155 1792 2250 (a),
1821 2175 1932 2228 venae
1957 2147 2032 2256 (b)
2132 2241 2135 2248 ,

197 2345 275 2440 Flg·
311 2359 373 2428 25·
490 2427 497 2436 ,
541 2356 629 2430 Pars
655 2358 861 2454 marginalis
887 2359 991 2430 lienis
1017 2362 1131 2434 muris
1159 2359 1357 2433 domestici.
1378 2361 1500 2432 Lienis
1518 2313 1727 2456 marginem,
1754 2356 1906 2438 animali
1936 2341 2107 2434 visentes

378 2513 639 2606 contemplari,
669 2513 760 2608 mthi
782 2477 854 2581 non
886 2513 1054 2607 contigit,
1094 2513 1157 2584 sed
1187 2509 1334 2585 ultimas
1368 2511 1598 2584 solummodo
1625 2511 1819 2606 sanguinis
1851 2509 2086 2580 invasione

381 2667 593 2740 cillationes-
610 2665 696 2736 vidi.
746 2663 867 2734 Venae
895 2673 930 2735 et
964 2667 1114 2738 arteriae
1140 2667 1343 2738 alternatim
1376 2667 1413 2737 in
1443 2665 1538 2736 liene
1565 2662 1778 2734 distributae
1804 2681 1903 2743 esse,
1937 2679 2006 2730 nec
2029 2657 2093 2730 ha·

265 2858 269 2870 ·
377 2819 462 2894 bitu
488 2843 556 2892 uec
580 2840 734 2890 numero
765 2819 859 2886 inter
884 2839 922 2890 ee
950 2815 1094 2890 differre
1124 2811 1303 2892 videntur.
1354 2819 1534 2890 Remosac
1553 2825 1661 2900 aunt,
1690 2819 1726 2886 et
1749 2811 1883 2886 ambae
1899 2813 1998 2894 loco,
2017 2833 2091 2906 qrro

375 2977 414 3045 in
425 2976 536 3045 ramis
551 2974 708 3050 minores
721 2969 946 3050 dividuntur,
973 2970 1096 3042 subito
1113 2971 1338 3054 dilabuntur,
1365 2979 1401 3041 et
1416 2971 1521 3066 quasi
1537 2970 1810 3064 extinguuntur,
1825 2967 1888 3049 ita,
1915 2971 1957 3036 ut
1981 2985 2087 3036 vaso·

380 3147 463 3198 rum
488 3127 723 3198 minimorum
748 3145 862 3216 pauca
890 3130 1024 3192 restent
1052 3087 1213 3217 uestigia.
1241 3123 1394 3217 Sanguis
1421 3125 1458 3194 in
1484 3119 1766 3217 parenchymate
1792 3099 1989 3213 dispersus,
2014 3139 2093 3188 ma·
2122 3218 2125 3226 Ι

325 3376 330 3382 ¹
380 3280 489 3362 culas,
506 3276 653 3350 exhibet
675 3275 902 3371 inaequales,
940 3296 1034 3368 quae
1066 3275 1200 3344 insulas
1227 3269 1382 3370 majores
1418 3239 1640 3344 et'minores
1666 3269 1839 3343 formant.
1890 3269 1931 3340 ln
1953 3289 2089 3367 genere

378 3429 542 3500 maculae
568 3451 611 3500 eo
639 3427 889 3524 dispersiores,
912 3427 1090 3496 lividiores
1107 3435 1240 3498 etcum
1262 3428 1540 3540 parenchymate
1560 3424 1724 3522 squalido
1741 3429 1858 3521 magis
1868 3423 2089 3498 confluentes

348 3561 351 3566 ⁵
383 3589 479 3667 sunt,
497 3604 569 3677 quo
594 3580 920 3654 intensiorallectio
944 3601 1151 3676 praegressa
1164 3579 1283 3654 fuerit.
1312 3577 1510 3672 dilectione
1525 3579 1660 3652 leviora
1687 3578 1830 3674 elapsa,
1855 3578 2087 3654 insidserub·
2141 3601 2146 3624 ⁸

385 3757 455 3809 rae
482 3743 518 3809 et
542 3745 597 3808 sat
623 3743 741 3806 vastae
767 3731 916 3804 formari
937 3733 1076 3838 solent.
1144 3809 1149 3818 ,

205 3945 284 4046 Fig.
324 3949 386 4014 24.
556 3933 648 4008 Vasa
674 3933 800 4018 lienis,
827 3897 969 4030 quales*
989 3938 1025 4004 in
1052 3939 1148 4004 statu
1183 3935 1337 4006 normali
1374 3932 1566 4006 distributa
1602 3958 1684 4009 esse
1711 3937 1904 4027 ridentur,
1931 3942 2091 4036 depinxi.

304 4170 307 4178 ,
392 4089 532 4163 Arteria
553 4082 611 4184 (a)
635 4109 746 4159 venae
772 4087 846 4182 (b).
873 4087 1023 4158 lienem
1048 4091 1087 4158 in
1114 4095 1210 4160 statu
1236 4087 1409 4174 normali,
1437 4090 1558 4184 quoad
1585 4095 1770 4189 sanguinis
1796 4093 2090 4170 distributionem

394 4221 516 4338 hepati
547 4243 734 4338 analogum
760 4262 856 4324 esse,
883 4248 992 4334 potet.
1052 4239 1215 4313 Maxime
1239 4241 1336 4340 {vero
1371 4251 1497 4316 notatu
1525 4245 1686 4342 dignum
1720 4252 1789 4328 est,
1835 4267 1919 4316 vasa
1946 4251 2086 4342 minora

395 4395 564 4468 facillime
588 4419 695 4491 posse
720 4397 900 4492 extingui,
929 4415 972 4463 ac
998 4396 1027 4464 si
1056 4397 1092 4464 in
1118 4389 1255 4466 infimis
1282 4395 1504 4470 formationis
1530 4399 1703 4495 gradibus
1722 4399 1839 4472 adhuc
1855 4411 2093 4488 versarentur,

391 4573 596 4632 nemeaea
629 4549 783 4646 piscium
831 4548 895 4619 tali
920 4548 1030 4620 modo
1057 4553 1211 4620 extinctu
1245 4549 1333 4625 vidi.
1393 4551 1477 4622 Hoc
1527 4576 1570 4626 eo
1613 4559 1737 4627 minus
1776 4556 1941 4628 accidere
1977 4557 2087 4642 solet,

394 4729 467 4802 quo
493 4707 706 4807 generosius
732 4702 863 4775 animal
890 4709 926 4774 et
953 4723 1131 4796 organum
1159 4711 1230 4788 est;
1255 4727 1321 4775 nec
1346 4707 1383 4776 in
1410 4707 1538 4801 hepate
1558 4731 1718 4803 unquam
1745 4713 1931 4806 contingit,
1956 4715 1995 4782 in
2022 4735 2094 4808 quo
2157 4789 2164 4800 ⁴

396 4879 565 4936 rasorum
583 4865 666 4929 rete
675 4861 809 4930 mirum
833 4855 1058 4929 solummodo
1076 4879 1097 4928 a
1115 4855 1243 4930 morbo
1271 4866 1306 4930 et
1331 4857 1369 4930 in
1402 4859 1494 4934 locis
1521 4864 1801 4959 circumscriptis
1817 4863 1940 4972 deleri
1964 4871 2094 4960 potest

394 5009 442 5080 lis
464 5015 641 5094 assentio,
668 5015 733 5105 qui
759 5009 889 5082 lienem
916 5009 1026 5104 hepar
1052 5009 1304 5105 imperfectum
1331 5033 1430 5098 ease,
1456 5016 1691 5090 contendunt.
