4838 6192
1214 589 1260 669 98

394 785 610 882 systematis
659 775 856 878 sanguinei
881 775 1205 876 metamorphoses
1232 793 1262 850 a¹
1279 777 1479 855 levissimis
1505 778 1555 854 ad
1582 782 1818 878 gravissimas
1844 813 1964 889 usqne
1989 792 2087 866 inter

394 957 437 1008 se
464 934 643 1024 transire,
683 955 756 1004 nec
783 945 954 1002 naturam
981 929 1125 1004 illarum
1150 927 1244 1005 fines
1268 932 1462 1032 posuisse,
1487 935 1715 1026 memorari„
1752 937 1863 1031 Ideo,
1904 944 2085 1040 quoniam

216 1057 222 1092 l
391 1109 525 1166 nature
550 1087 643 1160 fines
668 1109 747 1156 non
770 1082 919 1182 posuit,
956 1081 1077 1188 lines,
1105 1109 1200 1183 quos
1232 1051 1381 1192 nosmet
1414 1103 1615 1182 metamus,
1649 1088 1889 1167 solummodo
1914 1093 2085 1172 theoriae

293 1335 295 1340 ¹
392 1263 430 1321 et
455 1237 701 1344 descriptioni
728 1234 909 1309 inseruire
936 1251 1110 1336 possunt.
1160 1236 1230 1308 Ast
1255 1236 1287 1309 si
1312 1236 1616 1316 inflammationis
1641 1240 1824 1317 theoriam
1842 1203 2084 1324 conscribere

266 1415 269 1420 '
392 1403 590 1489 deberem,
617 1388 791 1492 sequenti
817 1389 933 1464 modo
964 1413 1045 1462 eam
1072 1415 1117 1462 ex
1142 1389 1235 1481 illis,
1263 1413 1361 1488 quse
1385 1390 1483 1484 ridi,
1514 1389 1744 1492 colligerem.

306 1607 392 1686 339.
466 1557 474 1576 ⁸
551 1565 720 1650 ¹Primum
740 1546 1050 1684 *inflammetionis
1076 1592 1217 1642 nomen
1241 1567 1363 1670 ipsum
1387 1585 1589 1644 statuerem
1615 1587 1653 1646 et
1679 1571 1958 1670 confirmarem3
1996 1599 2084 1652 nem

388 1740 496 1812 inter.
514 1727 653 1834 primas
679 1721 862 1832 theoriae
882 1721 1030 1819 regulas
1055 1719 1254 1794 haberem:
1279 1722 1345 1826 uni
1371 1721 1517 1796 nomini
1542 1748 1656 1796 unam
1681 1748 1765 1799 esse
1787 1725 1995 1804 notionem.
2022 1734 2085 1803 In.

385 1882 647 1964 flammationis
689 1901 779 1953 rero
812 1899 951 1948 nomen
985 1872 1065 1948 fere
1102 1870 1256 1948 cuilibet
1289 1845 1408 1950 aliter·
1424 1873 1552 1966 audit,
1598 1893 1637 1950 et
1661 1876 1765 1975 quod
1789 1876 1878 1952 huic
1903 1879 2082 1956 insensu

387 2041 539 2130 stricto,
566 2035 618 2108 uli
645 2033 822 2104 insensu
848 2044 1008 2102 extenso
1034 2029 1147 2103 ualet.
1198 2025 1387 2126 Equidem
1420 2051 1560 2100 nomen
1594 2025 1901 2108 inflammationis
1932 2011 2082 2134 'generi-

388 2221 473 2272 cum
499 2215 601 2281 csse,
626 2184 739 2262 volui.

299 2395 384 2478 590.
511 2429 513 2433 ψ
552 2365 633 2444 Sub
668 2357 973 2438 inflammationis
1005 2355 1186 2448 nomine,
1217 2356 1322 2456 quod
1357 2353 1574 2458 genericum
1600 2376 1675 2452 est,
1712 2385 1843 2436 omnes
1870 2363 2081 2462 systematis

373 2521 582 2627 ,sanguinei
598 2513 918 2613 metamorphoseos
930 2565 942 2602 ,
970 2534 1066 2609 quac
1087 2534 1166 2582 non
1187 2509 1303 2582 modo
1326 2509 1549 2587 mechanico
1576 2513 1753 2586 inductae
1768 2529 1874 2604 sunt,
1901 2531 2005 2587 certo
2020 2541 2081 2590 or.

384 2681 474 2758 dine
499 2671 697 2752 distribuo.
731 2662 1090 2764 Metamorphosium
1116 2661 1344 2760 singularum
1370 2663 1503 2764 copia,
1555 2690 1653 2764 quae
1680 2663 1761 2738 sub,
1775 2663 2080 2740 inflammationi,

384 2855 523 2936 genere
547 2839 752 2917 sessanum,
779 2821 961 2893 immense
987 2835 1055 2896 est.
1086 2819 1165 2891 Eae
1191 2839 1310 2913 quam
1328 2815 1511 2918 plurimos
1538 2817 1784 2894 animantium
1808 2819 1962 2895 morbos
1987 2845 2080 2898 con·

388 2985 635 3076 comitantum
662 2977 750 3052 ideo
776 2977 889 3050 otiam
907 2969 1210 3050 inflammationis
1223 2991 1341 3068 genus
1358 2969 1655 3044 extensissimum
1678 2989 1745 3050 est.
1859 3061 1872 3080 μ
1903 3021 1907 3036 ,

240 3185 244 3214 ²
298 3185 383 3267 59¹·
551 3163 821 3238 Disseruerunt
851 3152 1240 3240 deinssemmatione,
1269 3173 1379 3248 quam
1406 3147 1470 3220 alii
1496 3117 1535 3220 in
1562 3165 1733 3248 turgore,
1761 3149 1825 3223 alii
1850 3152 1888 3224 in
1914 3167 2078 3245 tumore,

384 3322 450 3399 alii
475 3279 734 3403 intensione,
762 3308 826 3381 alii
854 3309 893 3380 in
918 3305 1150 3380 relaxatione
1172 3283 1364 3391 rusorum,
1392 3300 1457 3372 alii
1483 3301 1523 3372 in
1549 3301 1844 3393 acceleratione,
1885 3303 1950 3376 alii
1969 3305 2007 3376 in
2020 3329 2079 3378 rc·
2113 3307 2120 3316 ”

294 3519 313 3541 ι
381 3472 616 3561 tardatione,
643 3439 708 3541 alii
734 3463 774 3536 in
806 3460 898 3536 stasi
938 3457 1109 3560 plenaria
1135 3455 1268 3529 circuli
1293 3454 1506 3552 sanguinis,
1560 3452 1625 3527 alii
1651 3453 1691 3525 in
1717 3453 1800 3526 aliis
1828 3453 2074 3553 quaerebant·

380 3633 556 3704 Attamen
589 3620 643 3694 nil
665 3619 799 3691 horum
838 3612 1081 3687 inflammatio
1108 3625 1184 3698 est,
1228 3607 1320 3682 licet
1344 3623 1480 3681 cuncta
1505 3607 1545 3680 in
1571 3603 1865 3681 inflammatione
1891 3609 1980 3684 sint.
2032 3613 2075 3681 In

390 3783 465 3856 elio
491 3775 645 3867 morbo,
674 3773 739 3872 qui
765 3769 881 3842 multo
907 3767 1029 3838 minus
1057 3779 1230 3836 extensus
1267 3775 1343 3850 est,
1377 3777 1419 3832 ut
1444 3759 1484 3832 in
1509 3758 1818 3844 Pneumonitide.
1864 3785 1977 3835 nemo
2004 3787 2071 3862 op·

381 3934 616 4040 pressionem
640 3925 806 4031 pectoris
832 3943 898 3995 seu
924 3918 1067 3992 febrem
1090 3912 1425 4008 ,concomitantem
1458 3910 1793 3986 Pnoumonitidem.
1825 3913 1947 4016 ipsam
1967 3903 2069 4003 esse,

380 4086 562 4179 asseruit,
589 4080 657 4156 sed
681 4075 780 4152 illius
806 4075 913 4174 signa
939 4088 1003 4146 aut
1028 4083 1278 4170 symptomata
1293 4089 1399 4155 csse,
1427 4063 1642 4140 consentiit.
1673 4069 1817 4139 Eodem
1828 4033 1945 4141 modo
1963 4066 2075 4140 etiam

378 4233 682 4316 inflammationis
708 4235 909 4332 processus
936 4225 1049 4325 copia
1074 4196 1422 4326 phaenomsnorum
1447 4241 1513 4292 scu
1557 4233 1869 4320 symptomatum,
1907 4218 2009 4319 juxte
2033 4243 2075 4292 se

377 4409 528 4495 etpost
553 4385 844 4489 sepositorum,
870 4381 1053 4454 immensa
1078 4373 1232 4478 gaudet,
1259 4389 1298 4448 et
1321 4397 1414 4474 pras
1441 4369 1577 4446 ceteris
1602 4368 1744 4444 morbis
1773 4370 1922 4444 eminet.

298 4585 383 4671 ³9²·
551 4571 919 4654 Phaenomenorum,
959 4583 1056 4660 quae
1091 4557 1140 4631 ad
1174 4552 1502 4630 inflammationem
1528 4552 1737 4652 pertinent,
1781 4529 1877 4626 duos
1903 4553 2075 4646 ordines,

296 4751 300 4756 ·
387 4723 452 4828 qui
478 4725 695 4800 charactere
720 4715 829 4794 valde
856 4717 955 4788 inter
978 4737 1019 4790 se
1045 4709 1240 4802 differunt,
1267 4706 1476 4812 obseruari.
1503 4703 1840 4802 inflammationum
1857 4704 1952 4778 ordo
1969 4707 2075 4807 prior

383 4875 704 4982 metamorphoses
746 4849 958 4976 systematis
993 4865 1192 4967 sanguinei
1200 4917 1213 4958 ,
1265 4885 1363 4962 quac
1392 4875 1481 4962 post
1520 4857 1709 4932 actionem
1747 4856 1906 4932 influxus
1947 4860 2073 4960 cujus·
